4006 6344
142 314 193 372 su
390 305 393 315 ¹
611 311 874 384 consanum.
896 313 939 370 eu
958 287 1302 369 auiiiionuincuii.
1723 317 1775 378 iii

142 429 251 492 demus
264 428 298 490 in
311 427 453 490 scientiis
468 425 686 504 speculativis,
699 425 783 506 quiid
797 427 853 506 qui
867 427 931 506 pri·
1022 425 1052 486 3.
1069 429 1236 498 Pretorea,
1251 428 1336 507 teges
1348 425 1496 490 bunianie
1509 427 1593 494 eirca
1605 431 1694 492 actus
1708 433 1774 492 sin·

142 508 192 570 md
214 505 430 586 philosophati
456 511 553 578 sunt,
599 506 722 588 undam
747 507 931 584 imperfecta
983 507 1111 585 gulares
1123 505 1288 568 hominum
1299 513 1495 568 statuuntur.
1506 505 1544 568 ln
1554 507 1774 587 singularibus

140 585 348 657 tradiderunt,
363 523 649 676 quemamodum
687 602 723 646 er
737 585 929 662 posteriores
980 588 1091 646 antem
1114 583 1286 664 perfectam
1312 583 1526 664 cognitionem
1551 583 1684 664 adipisci
1708 605 1773 649 iion

138 671 213 726 sunt
232 663 348 726 tradita
369 677 470 742 niagis
487 660 635 742 perlecti.
660 603 705 726 Sa
727 663 823 726 etiam
844 668 876 724 et
896 663 929 724 in
982 679 1154 742 possumus
1176 663 1238 724 nisi
1258 681 1315 742 per
1333 663 1584 742 experientiam,
1599 682 1672 742 quae
1687 669 1771 726 tein-

137 739 931 899 tristitiaabiittttititilttiiii
982 739 1773 901 ttritiittliltiittiiilittiiittlttii:

137 899 281 962 valentes
296 897 406 960 omnia
419 916 460 960 ex
473 915 507 960 se
521 897 598 976 ipsis
612 897 827 970 considerare,
839 863 930 962 iusti·
982 900 1070 976 poris
1096 899 1198 978 possit
1219 897 1340 977 aliquid
1363 897 1477 962 melius
1502 914 1672 963 occurrere
1699 905 1764 963 stn-

136 981 270 1040 tuerunt
292 977 438 1056 quaedam
459 975 642 1056 imperfecta
666 977 698 1037 in
719 977 826 1038 mullis
846 975 931 1038 deti-
983 977 1147 1039 tuendum.

135 1055 268 1129 cientia,
285 1072 358 1134 qum
378 1054 571 1134 posteriores
590 1057 814 1126 mutaverunt,
830 1055 930 1116 insti-
1020 1053 1078 1116 Sed
1090 1059 1200 1118 contra
1212 1054 1355 1133 estquod
1366 1053 1523 1116 dieituiiu
1534 1055 1771 1129 Decretis,disl.

135 1137 261 1197 tuentes
283 1135 395 1212 aliqua
416 1151 488 1212 quia
509 1133 543 1194 in
562 1133 773 1226 paucioribus
793 1133 929 1196 delicere
982 1131 1031 1204 ia,
1050 1152 1119 1212 cap.
1137 1133 1158 1195 5
1176 1133 1380 1196 :Ridiculum
1398 1134 1592 1200 cst.etsatis
1610 1134 1772 1200 abomimi-

128 1219 273 1294 possunt
287 1209 307 1276 a
322 1211 483 1274 communi
499 1211 647 1273 utilitate.
981 1209 1040 1274 lile
1052 1211 1190 1282 dedecus,
1209 1220 1245 1272 ut
1261 1211 1458 1280 traditiones,
1471 1230 1547 1294 quai
1562 1211 1738 1294 antiquitis
1753 1215 1772 1276 d

174 1293 224 1354 Ex
235 1297 325 1370 parte
336 1290 600 1362 rerbbominum,
611 1287 929 1371 quorumaetuelege
980 1289 1130 1354 Patribus
1141 1291 1342 1370 suscepimus.
1356 1289 1493 1372 infrinpi
1527 1291 1671 1353 otiamur.

134 1371 337 1450 reguiantur,
360 1369 411 1431 lex
430 1367 515 1432 recte
536 1369 654 1430 mutari
674 1371 777 1462 potest
799 1373 929 1461 propter
1019 1369 1207 1449 Respondeo
1230 1369 1398 1432 dicendum
1421 1369 1486 1448 qud
1516 1413 1524 1440 ,
1549 1370 1631 1431 sicut
1652 1369 1771 1434 dietum

134 1451 346 1511 mutationem
365 1447 584 1510 conditionum
603 1446 787 1521 hominum,
809 1450 927 1540 quibus
980 1453 1029 1510 est
1046 1454 1107 1511 art.
1128 1467 1236 1526 prise,
1252 1449 1305 1510 lex
1326 1447 1468 1511 humana
1485 1448 1517 1508 in
1539 1451 1663 1509 tantum
1684 1449 1770 1512 recte

134 1523 928 1592 secundbmetversaseommconditionesoiiersn
980 1531 1134 1599 mutatur,
1155 1527 1188 1587 in
1210 1531 1368 1606 quantum
1392 1544 1450 1605 per
1470 1527 1538 1606 ejus
1561 1527 1771 1591 mutationem

134 1607 322 1686 expediunt,
335 1605 419 1667 sicut
429 1603 628 1685 Augustinus
643 1606 734 1696 ponit
746 1605 928 1683 exemplum
979 1607 1141 1668 communi
1162 1606 1291 1666 utilitati
1317 1605 1512 1684 providetur.
1536 1605 1640 1667 Habet
1662 1611 1771 1668 autem

132 1685 201 1746 int
217 1685 255 1747 de
268 1685 325 1744 lib.
337 1685 427 1756 Arb,
438 1699 508 1762 cap.
524 1681 554 1754 6,
569 1679 588 1746 a
603 1701 718 1761 peine,
731 1681 817 1762 quiid
830 1683 858 1743 ii
871 1701 929 1762 po·
980 1683 1050 1762 ipsa
1069 1683 1148 1765 legis
1166 1683 1313 1758 mutatio,
1327 1680 1531 1762 quantumin
1546 1701 1582 1746 se
1595 1687 1655 1758 eet,
1667 1685 1772 1748 detri-

129 1763 226 1844 pulus
238 1763 280 1824 iit
294 1759 366 1824 beni
376 1759 551 1844 moderatus
567 1768 595 1822 et
608 1762 724 1840 pravis,
742 1762 929 1823 communis-
979 1765 1120 1824 mentum
1134 1763 1294 1840 quoddam
1309 1761 1486 1825 eommunis
1499 1761 1625 1834 salutis,
1639 1763 1716 1841 quia
1730 1763 1771 1826 ad

154 1861 194 1904 ue
209 1840 360 1904 utilitatis
374 1839 632 1918 diliperitiesimui
650 1848 764 1915 custos,
782 1839 863 1901 recti
876 1839 928 1901 lca
980 1840 1336 1922 obseruantiamlegum
1372 1837 1623 1902 lurimiimvaIel
1636 1858 1772 1904 consue·

131 1861 248 2000 yacus,
260 1919 322 2000 qud
340 1919 399 1980 lali
413 1919 531 1998 populo
549 1917 640 1980 liccat
658 1936 761 1979 creare
775 1915 836 1980 sibi
854 1937 928 1980 ma·
974 1917 1073 1996 tudo,
1091 1917 1125 1980 in
1141 1924 1266 1982 tantum
1282 1859 1371 1996 quiid
1389 1935 1427 1981 ea
1449 1936 1522 1996 quie
1542 1921 1654 1980 centra
1675 1937 1771 1982 eom-

153 1999 298 2066 islratan
317 2013 376 2078 per
393 2015 470 2076 quor
485 1995 660 2076 respublica
679 1997 925 2058 administretur.
979 2015 1109 2058 munem
1122 1997 1386 2061 consuetudinem
1400 1997 1491 2072 liunt,
1507 1997 1632 2060 etiamsi
1646 1997 1711 2059 sint
1725 1999 1770 2060 le·

131 2017 252 2146 Serrei,
272 2075 301 2139 ri
317 2073 471 2156 paulatim
484 2073 565 2137 idem
584 2075 723 2154 popular
741 2075 928 2155 depreeatur
982 2075 1073 2138 viora
1086 2075 1124 2137 de
1142 2095 1188 2152 se,
1203 2077 1351 2157 graviora
1366 2075 1523 2138 videntur.
1539 2073 1627 2138 Unde
1640 2076 1771 2155 quando

131 2155 243 2218 liabeol
259 2155 366 2217 rende
380 2153 580 2234 infirmium,
600 2161 628 2215 et
641 2154 777 2232 repimea
788 2153 928 2234 lloqiti'o-
979 2155 1195 2229 mutaturlex,
1207 2154 1396 2217 diminuitur
1407 2155 1453 2216 vis
1464 2153 1666 2216 constrictiia
1678 2155 1770 2234 legis,

132 2237 176 2296 ris
190 2233 405 2314 sceleratisque
420 2232 601 2300 committat,
614 2232 697 2294 rcctl
710 2231 861 2293 adimitur
869 2251 928 2312 po·
979 2229 1012 2294 in
1048 2239 1183 2295 uantum
1196 2235 1318 2294 tollitur
1330 2232 1538 2296 consuetudo.
1551 2233 1591 2292 Et
1603 2232 1673 2294 ideb
1688 2251 1771 2294 nun·

130 2313 210 2394 palo
223 2311 295 2374 tulis
305 2317 444 2391 potestus
456 2309 553 2372 doadi
565 2309 708 2380 bonores,
722 2319 751 2371 ct
764 2310 806 2372 aa
817 2313 930 2390 pauco-
979 2251 1077 2389 quSm
1092 2311 1186 2374 debet
1199 2311 1316 2373 mutari
1333 2311 1387 2374 lex
1400 2311 1559 2384 humana,
1575 2310 1638 2372 nisi
1651 2329 1693 2374 ex
1706 2311 1772 2375 alid

132 2409 207 2454 rum
216 2390 369 2454 donorum
380 2389 462 2450 redit
476 2387 653 2450 arbitrium.
979 2396 1070 2468 parte
1083 2387 1205 2452 lantum
1217 2394 1478 2467 recompensetur
1488 2389 1651 2452 communi
1661 2389 1770 2464 saluti,

172 2470 223 2532 Ad
238 2469 377 2548 primum
393 2485 471 2560 erqo
485 2467 654 2529 dicendum
669 2465 755 2545 quea
771 2468 927 2531 naturalis
980 2465 1137 2546 quantum
1150 2487 1190 2530 ex
1209 2465 1270 2532 isit
1283 2473 1373 2547 parte
1387 2467 1463 2528 dero
1485 2471 1569 2528 atur.

131 2549 189 2612 lex
204 2552 253 2612 est
256 2546 467 2686 1fricticipatio
481 2543 626 2625 quiedam
644 2545 724 2626 legis
742 2551 880 2620 eterne,
892 2553 929 2608 ut
1018 2545 1109 2621 Quod
1121 2545 1250 2624 quidem
1260 2545 1415 2640 contingit
1428 2486 1529 2608 neSex
1543 2543 1699 2624 bnequbd
1712 2545 1771 2608 aii-

131 2644 236 2706 supra
277 2626 375 2688 ictum
396 2627 460 2697 est,
479 2626 592 2702 quusi.
607 2623 658 2696 93,
677 2629 738 2686 art.
759 2623 789 2698 3,
809 2631 841 2686 et
857 2625 928 2689 ideo
979 2642 1045 2703 qua
1060 2625 1198 2688 maxima
1210 2623 1771 2688 eteiidentissimautilitasexnovo

15 2737 16 2754 2
131 2703 309 2768 immobilis
322 2706 522 2782 perseveram
561 2703 624 2765 uod
642 2702 792 2765 habetex
812 2703 929 2766 immo-
979 2703 1274 2782 statutoprovenit;
1292 2701 1771 2782 veternoqubdestmaxima

132 2783 260 2848 bilitate
281 2787 312 2844 et
332 2720 660 2862 perlwiouedivine
681 2782 815 2844 rationis
832 2781 929 2844 insti-
980 2781 1771 2861 necessitas,velexeoquddlexeonsuetaautma-

130 2863 256 2924 tuentis
267 2865 431 2924 naturam.
442 2859 500 2922 Sed
514 2859 596 2920 ratio
609 2860 751 2923 bumana
766 2862 927 2924 mutabitis
980 2859 1126 2922 niiestiim
1140 2859 1341 2940 iniquitatem
1350 2861 1503 2932 continet,
1515 2863 1571 2920 nui
1580 2859 1650 2938 eius
1660 2861 1771 2922 obser-

15 2929 17 3022 }
130 2946 182 3004 est
208 2937 928 3018 etimperiecta3etidebejuslexmutabilis
979 2939 1066 3000 vatio
1088 2936 1329 3018 estplurimbm
1349 2939 1476 3000 nociva.
1498 2937 1586 3000 Unde
1612 2937 1772 3004 dieiturti

131 3025 195 3082 est.
211 3019 251 3080 lit
263 3020 418 3098 preterea
435 3017 491 3079 lex
505 3018 662 3078 naturalis
679 3017 820 3078 eontinet
833 3035 929 3094 quae-
977 3015 1164 3096 jurisperito
1185 3017 1333 3096 Ulpiano,
1349 3018 1405 3078 lib.
1420 3017 1450 3092 i,
1472 3015 1505 3078 [i.
1521 3015 1570 3078 tit.
1584 3013 1620 3089 li,
1634 3015 1674 3078 de
1687 3013 1772 3078 Con-

131 3099 211 3160 dani
228 3096 426 3160 universalia
440 3099 610 3188 praecepta,
625 3111 698 3234 qliae
713 3113 840 3187 semper
853 3113 929 3188 uia-
980 3096 1044 3189 stit.
1056 3098 1206 3208 princip,
1222 3096 1309 3176 qubd
1322 3094 1357 3158 iu
1371 3094 1461 3189 relus
1473 3093 1565 3158 neeis
1579 3095 1772 3156 constitum.

131 3179 233 3252 rient3
257 3177 310 3238 lex
332 3173 410 3237 verb
435 3177 541 3253 posita
566 3175 607 3236 ab
657 3191 764 3236 omine
787 3177 930 3238 eontinet
980 3174 1165 3238 discredens
1182 3173 1267 3237 debet
1283 3175 1489 3243 esseutilitai,
1505 3173 1717 3234 ntrcecdatur
1734 3173 1772 3235 ab

15 3245 19 3280 ⁷
132 3259 295 3336 praeeepta
309 3251 456 3332 quiedam
471 3251 679 3331 particularia
692 3250 869 3316 seeundiim
882 3254 930 3316 di·
982 3271 1015 3315 eo
1022 3253 1098 3334 jure
1111 3254 1196 3336 quod
1214 3251 1269 3316 att
1283 3271 1400 3336 equam
1416 3253 1516 3316 uisum
1530 3259 1585 3312 est.

16 3485 19 3524 ³
132 3489 188 3554 bei
207 3507 279 3552 esse

18 3355 20 3362 ¹
135 3347 248 3396 versos
262 3330 422 3409 casusqui
435 3335 614 3468 emergunt.
1019 3333 1066 3394 Ad
1088 3334 1227 3412 primuni
1249 3349 1326 3414 ergo
1346 3331 1514 3394 dicendum
1533 3329 1619 3408 quod
1640 3347 1679 3394 ea
1698 3349 1771 3410 quae

172 3411 225 3472 Ad
236 3410 416 3474 secuudum
427 3409 517 3471 dicen
539 3427 593 3470 uin
606 3407 690 3488 qubd
705 3429 856 3506 mensura
868 3411 929 3505 de·
980 3414 1056 3504 sunt
1069 3413 1159 3508 artis,
1171 3411 1295 3505 liabent
1307 3409 1481 3502 efficaciam
1493 3428 1534 3501 ex
1548 3405 1619 3472 sold
1627 3407 1770 3501 ratione:

16 3597 17 3606 a
131 3569 247 3632 Sed-in
261 3484 929 3658 ,tetzilinittiititittiitii:
980 3489 1772 3662 iiiittiitttt“tibitibi„astitui

131 3647 215 3726 quid
239 3645 371 3708 omuino
394 3643 636 3706 immutabiliter
658 3663 871 3724 permaneus;
898 3652 930 3710 et
981 3647 1100 3709 liabent
1116 3663 1288 3709 maximam
1303 3647 1453 3706 virtutem
1469 3663 1510 3706 ex
1526 3644 1769 3718 cousuetudine,

131 3725 209 3788 ided
231 3724 285 3788 lex
314 3725 456 3788 bumana
478 3740 544 3785 nou
569 3727 676 3802 polest
700 3741 772 3786 esse
797 3723 928 3788 omuiub
980 3729 1017 3786 ut
1034 3725 1245 3864 Philosophus
1263 3723 1338 3786 dicit
1353 3723 1387 3784 in
1403 3722 1423 3782 2
1439 3723 1543 3798 Potiu,
1559 3740 1628 3800 cap.
1647 3722 1678 3794 ti,
1694 3724 1770 3786 circ.

16 3817 18 3844 ἱ
131 3801 356 3866 immutabilis.
979 3803 1049 3875 lim,
1064 3802 1160 3864 elide
1197 3820 1261 3864 noii
1277 3805 1352 3864 sunt
1366 3801 1403 3862 de
1420 3801 1502 3862 laeili
1518 3799 1689 3862 mutandae.

16 3897 19 3926 τ
173 3881 225 3944 Ad
236 3882 366 3942 tertium
379 3878 547 3943 dicendum
559 3877 644 3958 quoii
656 3886 772 3940 rectum
784 3880 818 3940 in
831 3883 929 3944 rebus
1020 3881 1067 3944 Ad
1077 3881 1252 3944 secundum
1262 3879 1428 3942 dicendum
1441 3877 1525 3957 quod
1539 3879 1620 3939 ratio
1630 3878 1686 3940 iila
1695 3895 1773 3940 con·

132 3959 359 4038 corporalibus
370 3957 657 4030 diciturabsolute3
668 3963 699 4019 et
711 3956 780 4019 ideb
791 3977 927 4038 semper,
980 3959 1079 4021 cludit
1092 3958 1178 4039 qubd
1197 3961 1283 4038 leges
1299 3965 1375 4020 sunt
1391 3955 1566 4030 mutandae,
1582 3961 1771 4020 nontamen

16 4047 20 4085 =
132 4037 296 4117 quantiini
310 4043 358 4098 est
370 4037 408 4098 de
425 4053 471 4108 ee,
484 4039 591 4098 manet
607 4041 740 4098 rectum.
754 4037 813 4098 Sed
829 4039 930 4100 recti-
980 4055 1039 4118 pro
1059 4037 1263 4117 qudcumque
1283 4037 1519 4109 melioratioue3
1541 4035 1596 4096 sed
1615 4053 1674 4114 pro
1694 4053 1772 4099 ina-

133 4118 215 4178 tude
225 4115 304 4196 legis
315 4114 431 4176 dicitur
444 4115 476 4176 iii
489 4114 601 4178 ordine
613 4114 653 4178 ad
665 4114 831 4176 utilitatem
844 4132 930 4176 coni·
980 4115 1044 4196 gud
1056 4117 1191 4179 utilitate
1206 4117 1259 4180 vel
1274 4115 1477 4192 necessitate,
1493 4120 1530 4176 ut
1542 4113 1659 4176 dictum
1675 4116 1771 4176 estin

16 4237 17 4244 ι
134 4213 281 4266 munem,
300 4194 351 4256 cui
367 4209 431 4254 nou
447 4211 574 4272 semper
587 4194 849 4271 proportionetur
863 4212 929 4258 uria
980 4209 1069 4274 corp.
1085 4200 1146 4256 art.

16 4383 18 4396 ›
133 4357 165 4412 et
181 4351 255 4413 ideo
268 4351 342 4413 talis
357 4349 513 4412 rectitudo
528 4355 681 4413 mutatur.

17 5101 18 5104 ,
136 5055 261 5134 aliquid
273 5057 388 5116 melius
403 5059 562 5116 occurrat.

132 4273 314 4350 eademqne
324 4290 387 4345 res,
398 4271 480 4333 sicut
490 4273 927 4352 supradictumest,incorp.,
1018 4273 1059 4336 Et
1075 4274 1220 4337 similiter
1231 4271 1398 4336 dicendum
1414 4273 1461 4334 est
1475 4269 1513 4334 ad
1526 4271 1667 4333 tertium.

980 4395 1161 4456 sumamus
1173 4409 1221 4454 ιιι.
1231 4425 1270 4438 -·
1280 4391 1307 4453 ll
1310 4387 1391 4450 trum
1403 4387 1592 4450 cousuetudo
1604 4387 1706 4464 possit
1718 4387 1771 4450 oli-

1021 4473 1120 4532 tinere
1134 4473 1195 4532 uim
1213 4469 1301 4548 lepis.
1316 4503 1354 4514 --
1368 4467 1451 4546 (aa,
1466 4473 1573 4546 quast.
1593 4465 1644 4537 79,
1663 4473 1725 4526 ort.
1739 4467 1769 4537 (Δ,

176 4586 225 4648 Ad
253 4603 352 4649 secun
376 4603 429 4646 uin
458 4585 504 4646 sie
520 4584 713 4664 proceditur.
741 4586 770 4646 1.
797 4585 929 4648 Videtur
1019 4549 1100 4619 ‘M’
1113 4556 1257 4628 '‘qm''
1271 4545 1454 4617 ¹⁰⁰“¹'¹·9i
1469 4559 1566 4622 corp..
1581 4551 1609 4604 il
1621 4542 1770 4620 limidi

134 4663 225 4744 qubd
247 4681 374 4742 semper
393 4664 445 4723 lex
467 4663 627 4734 humana,
654 4663 784 4742 quando
808 4665 928 4741 aliquid
1019 4637 1082 4688 ‘m'
1099 4627 1129 4700 8’
1147 4623 1378 4750 ω’ῬἸΡηΜ
1392 4631 1418 4748 ‘f
1434 4621 1540 4701 qum·
1556 4619 1586 4744 9]
1603 4627 1664 4680 ‘m'
1682 4619 1751 4701 ω’)

135 4743 254 4804 melius
279 4742 436 4814 occurrit,
463 4741 504 4802 sit
530 4741 693 4804 mutanda.
720 4743 819 4822 Leges
844 4744 928 4803 enim
1022 4740 1066 4800 Ad
1081 4737 1208 4798 tertium
1225 4753 1271 4797 sie
1287 4734 1481 4826 proceditur.
1497 4731 1771 4824 itsiileturqubd

135 4821 289 4883 humanm
301 4823 376 4880 sunt
388 4819 566 4880 adinvenio
580 4837 637 4898 per
649 4823 804 4882 rationem
819 4821 931 4883 tiuioa-
983 4815 1179 4880 consuetudo
1192 4831 1256 4874 non
1290 4817 1369 4874 ossit
1380 4814 1523 4872 obtinere
1533 4827 1597 4870 ium
1609 4809 1701 4888 legis,
1714 4829 1774 4873 nee

135 4917 232 4974 naui,
248 4900 331 4961 sicut
344 4898 439 4960 etiam
454 4897 526 4959 alini
541 4905 636 4959 artes.
653 4897 712 4959 Sed
728 4899 799 4960 aliis
815 4899 849 4958 in
871 4915 931 4960 ar—
982 4897 1010 4956 le
1035 4915 1083 4957 em
1097 4909 1257 4956 amovere.
1269 4833 1340 4952 Sex
1354 4891 1439 4951 enirn
1453 4889 1593 4980 bumaria
1608 4887 1775 4950 derivatur

135 4980 225 5040 tibus
250 4981 394 5038 mutatur
418 4974 449 5036 id
473 4974 560 5054 quod
579 4974 671 5114 Kellis
695 4980 880 5048 tenebatur,
903 4979 929 5039 si
982 4915 1087 5053 ddege
1101 4975 1236 5038 uatium,
1255 4975 1287 5033 ct
1307 4968 1327 5032 d
1344 4970 1413 5050 lege
1430 4967 1549 5039 divinit,
1564 4972 1655 5027 ulex
1674 4985 1773 5047 supra

592 5056 662 5146 'rgo
676 5055 758 5118 idem
773 5061 822 5118 est
834 5056 930 5118 etiam
983 5052 1072 5114 dictis
1093 5056 1195 5130 patet,
1213 5045 1735 5202 ἓξ,11ιίΒώἰιιῃιιιι.ῃῗ,ῃξιῃιῖ)ιζίὲἒῖἷ,ηξὶιω
1739 5049 1773 5186 Ξ.

16 4447 18 4464 ³
133 4435 319 4492 barisanus
332 4445 366 4489 ii.
381 4425 542 4490 -lltriini
554 4428 604 4489 lex
618 4425 821 4490 bumannum
846 4429 929 4492 ereit
966 4454 971 4466 ·

173 4508 337 4576 mutanda,
393 4505 474 4567 eade
486 4508 627 4569 occurrit
638 4508 758 4586 aliquid
769 4449 887 4568 caelifer.

17 5179 18 5200 i
137 5133 320 5196 laciendum
333 5134 365 5194 iii
382 5133 505 5214 legibus
520 5133 681 5194 humanis.
983 5131 1212 5193 Sedeonsneto

17 5245 18 5282 ;
178 5213 209 5272 2.
237 5215 407 5284 t‘raetcrea,
428 5229 469 5273 ex
492 5209 542 5272 his
565 5228 637 5290 quin
655 5211 814 5289 preterita
837 5216 930 5284 sunt,
983 5209 1085 5289 legem
1095 5213 1228 5278 naturae,
1238 5223 1297 5268 nee
1307 5209 1408 5285 legem
1418 5204 1570 5266 divinam.
1580 5204 1665 5282 Ergo
1677 5204 1771 5266 etiam

160 5291 308 5352 roridece
319 5306 491 5370 possumus
504 5289 542 5350 de
556 5289 683 5351 lutaris.
697 5289 755 5351 Sed
769 5289 830 5350 nisi
845 5292 930 5370 leges
984 5301 1043 5349 nec
1056 5288 1159 5366 legem
1173 5285 1347 5348 humanam
1363 5284 1533 5346 immutare
1547 5286 1664 5360 potest.

136 5309 291 5431 Sumanae
313 5374 442 5430 mutatae
467 5367 606 5428 luissent·
629 5368 930 5446 supervenientibus
1023 5365 1052 5426 2.
1078 5365 1252 5436 l‘roelerea,
1276 5381 1318 5426 er
1339 5362 1447 5423 multis
1469 5362 1561 5422 malis
1583 5374 1648 5420 uon
1670 5361 1774 5436 potest

138 5447 328 5510 melioribus
343 5445 636 5518 adinventionibus,
656 5447 756 5509 multa
773 5445 932 5508 inconve-
983 5444 1053 5506 lieri
1065 5461 1168 5505 unuin
1182 5445 1314 5504 bouum.
1328 5441 1387 5502 Sed
1400 5441 1453 5502 ille
1468 5440 1523 5518 qui
1542 5438 1653 5516 incipit
1668 5437 1773 5515 primb

138 5527 263 5588 nientia
285 5529 512 5604 sequerentur,
533 5524 571 5585 eb
590 5524 674 5602 qubd
691 5526 776 5604 teges
791 5527 932 5603 antiquie
984 5527 1097 5585 eontra
1110 5523 1213 5614 legem
1227 5539 1334 5600 apere,
1350 5518 1433 5581 male
1451 5519 1535 5582 lacit.
1555 5517 1640 5610 Ergo
1661 5517 1775 5610 multi-

138 5603 482 5666 inveiiiuntnrmultas
494 5602 646 5664 ruditates
660 5604 833 5665 continere.
846 5604 931 5684 Ergo
984 5602 1109 5682 plicatis
1131 5601 1289 5666 similibus
1310 5601 1433 5680 actibus
1453 5613 1519 5660 non
1537 5595 1693 5657 etiicictur
1710 5595 1773 5656 ali·

135 5686 399 5768 videturqubdle
423 5681 932 5760 essintmutandae‚quotieseum·
984 5679 1070 5758 qnod
1081 5673 1771 5754 bonum.Lexantemestquoddomboniiin,

136 5791 203 5854 que
217 5767 336 5851 aliquid
352 5704 465 5826 medus
480 5761 620 5825 occurrit
634 5759 849 5822 statuendum.
985 5756 1058 5821 oiim
1068 5759 1107 5821 sit
1121 5759 1229 5839 regula
1243 5759 1456 5820 bumanorum
1467 5760 1608 5818 actuum.
1619 5754 1704 5834 Erpo
1715 5771 1774 5832 per

336 5865 460 5928 Sennis
491 5863 529 5922 ll.
1364 5855 1644 5936 (linet-quatre.)
