4080 6354
100 346 155 404 lid
279 329 412 422 QUAEST.
434 329 503 388 m.
524 317 569 386 nit
587 323 756 384 manate
770 320 815 380 ET
834 317 976 378 nstitit
995 315 1108 378 acras
1125 315 1319 374 lNTElthRlS
1337 314 1561 374 vetustatis
1689 313 1741 370 art

17 501 19 506 ,
142 456 173 516 ι.
185 453 354 523 Preterou,
368 441 576 527 augmentata
585 437 696 512 eausd,
710 436 899 516 augmenta-
951 431 1041 496 aetds
1055 432 1218 496 interioris
1230 432 1281 494 vel
1298 431 1487 507 exterioris;
1502 435 1538 494 ut
1550 429 1668 492 dictum
1680 433 1740 503 est,

17 549 19 556 ’
100 540 157 598 tur
167 532 311 596 allectus.
325 528 383 591 Sed
396 522 583 587 intentionis
598 519 725 582 bonitas
739 520 788 577 est
800 529 899 576 causa
952 511 1005 574 lrlc
1019 531 1092 590 sup.
1117 513 1156 572 Et
1170 511 1242 573 inde
1255 517 1303 572 est
1317 511 1402 590 qudd
1421 529 1485 574 non
1497 507 1657 590 quantiam
1674 509 1742 570 ali-

17 675 19 688 ,
102 620 198 677 bonae
209 609 394 673 voluntatis.
409 606 453 665 Er
464 620 495 664 ro
507 597 666 679 quantam
678 597 751 675 quis
764 591 901 656 intendit
952 591 1024 669 quis
1038 591 1173 652 intendit
1185 591 1312 664 mereri,
1327 598 1479 665 meretur,
1489 591 1567 669 quia
1578 589 1742 668 quantitas

17 691 19 762 ff
100 625 753 772 debonatantirmvoiuntasestl30na3
804 749 856 766 ..
953 669 1058 762 meriti
1075 669 1219 732 consistit
1235 669 1269 730 in
1287 671 1468 732 intensione
1486 672 1645 738 aetus.ut
1660 668 1743 730 inira

17 779 18 794 ¹
146 771 176 830 3.
193 771 362 838 Praeterea,
381 765 415 825 in
429 762 523 824 malis
540 761 699 837 quantum
712 753 830 830 aliquis
847 766 903 810 ιιι-
952 747 1077 812 dicetur
1089 753 1202 826 quaest.
1219 748 1287 822 lta,
1299 753 1360 810 art.
1375 747 1405 810 i.

104 849 220 921 tendit,
239 843 363 908 tantiam
377 843 504 922 peecat;
519 838 546 900 si
562 837 648 898 enim
665 831 782 910 aliquis
798 827 902 908 preji-
993 827 1040 890 Ad
1066 829 1206 907 primum
1229 845 1306 906 ergo
1330 827 1499 890 dicendum
1521 825 1607 906 quod
1631 827 1745 890 Glossa

104 931 197 991 ciens
213 925 351 1004 lapidem
367 919 546 982 intenderet
559 915 664 978 tacere
681 907 900 982 homicidium,
953 905 1010 968 illa
1024 907 1169 986 loquitur
1183 905 1340 986 quantdm
1357 907 1397 970 ad
1418 909 1654 986 reputationem
1666 906 1745 980 Dei,

106 1025 186 1070 reus
199 1010 283 1068 esset
297 999 469 1064 homicidii.
483 997 568 1076 Ergo
580 993 650 1074 pari
663 987 833 1053 rationein
847 988 903 1077 bn·
954 986 1009 1064 qui
1035 985 1196 1066 praecipue
1219 985 1402 1048 considerat
1422 987 1632 1048 intentionem
1660 985 1745 1046 linis.

106 1088 160 1148 nis
177 1080 302 1148 tantiam
316 1085 366 1142 est
384 1065 904 1150 bonavoluntas,quanti1malr-
954 1065 1042 1130 ilnde
1056 1065 1122 1128 alia
1137 1065 1251 1128 Glossa
1267 1065 1348 1144 (ord.
1365 1085 1406 1127 ex
1423 1063 1570 1145 ltabano)
1591 1065 1665 1126 dicit
1680 1065 1747 1126 ibi-

107 1165 184 1245 quis
200 1165 322 1225 bonum
339 1157 484 1220 intendit.
786 1201 789 1206 .
954 1143 1027 1206 dem
1039 1143 1123 1225 quiid
1138 1143 1298 1206 thesaurus
1309 1145 1413 1206 cordis
1424 1145 1558 1206 intentio
1574 1153 1628 1212 est.
1640 1145 1747 1224 ecqud

151 1243 212 1305 Sed
232 1245 357 1312 contra,
383 1239 487 1316 ιθῑθθῑ
507 1249 578 1296 0⁵⁸0
599 1227 735 1292 ῑῦῑθῦῑῑθ
752 1227 849 1296 b0¹¹22
872 1224 905 1284 ei
955 1224 1039 1294 Deua
1048 1223 1174 1306 judicet
1189 1241 1295 1304 opera.
1306 1223 1436 1286 Bonitas
1447 1225 1533 1286 enim
1546 1223 1747 1296 intentionis,

108 1324 261 1384 voluntas
276 1319 371 1380 mala.
387 1317 473 1394 Ergo
485 1313 556 1392 pari
573 1309 698 1372 ratione
714 1308 904 1385 potestesse
956 1307 993 1364 ut
1008 1303 1126 1366 dictum
1148 1307 1197 1364 est
1219 1303 1252 1364 iu
1275 1320 1363 1384 corp.
1388 1307 1463 1375 art,
1484 1301 1643 1364 redundat
1659 1319 1749 1380 quo-

109 1401 248 1466 intentio
259 1397 360 1477 magis
373 1398 470 1460 bona.
481 1395 513 1454 et
524 1391 674 1454 voluntas
686 1382 792 1446 minias
807 1383 903 1444 bena.
957 1381 1125 1444 dammodo
1142 1381 1175 1444 in
1189 1382 1365 1444 bonitatem
1381 1383 1568 1454 voluntatis,
1588 1398 1662 1460 quae
1675 1381 1750 1442 lacit

153 1477 343 1558 Respondeo
358 1472 527 1536 dicendum
549 1467 635 1548 qudd
651 1465 739 1528 eirca
750 1465 857 1526 actum
875 1463 907 1520 et
957 1461 1054 1524 etiam
1066 1461 1260 1533 exteriorem
1272 1467 1381 1524 actum
1395 1461 1480 1542 apud
1494 1461 1597 1523 Deum
1610 1461 1750 1522 merito-

111 1561 327 1622 intentionem
355 1553 428 1616 linis
458 1550 579 1630 duplex
631 1544 773 1607 uantitas
802 1541 908 1619 potest
957 1541 1054 1602 rium.

110 1636 312 1701 considerari
329 1653 337 1694 ι
353 1649 421 1696 una
434 1649 476 1692 ex
487 1633 580 1710 parte
598 1641 617 1686 o
638 1623 725 1704 ιιοιι.
744 1619 821 1699 quia
835 1617 908 1708 iuli
997 1619 1045 1680 Ad
1064 1617 1239 1682 secundum
1255 1617 1424 1682 dicendum
1439 1618 1524 1698 qudd
1540 1620 1609 1682 sola
1621 1617 1749 1681 bonitas

111 1717 219 1796 majus
246 1717 378 1786 bonum,
404 1711 455 1773 vel
475 1709 559 1788 agit3
582 1705 647 1768 alia
665 1720 707 1794 ex
729 1700 908 1762 intentione
958 1697 1144 1760 intentionis
1160 1717 1225 1760 non
1241 1704 1289 1760 est
1303 1703 1369 1762 tota
1382 1716 1481 1763 causa
1496 1701 1588 1761 hona
1601 1699 1751 1762 volunta-

111 1794 218 1888 actus,
237 1793 315 1873 quia
335 1788 462 1854 intense
483 1788 558 1880 nult·
572 1784 625 1848 vel
642 1784 728 1861 ag1t3
750 1775 838 1858 quod
859 1777 909 1837 est
959 1777 1018 1850 tis;
1033 1777 1296 1870 underationon
1310 1779 1469 1857 sequitur.

111 1893 219 2015 magia?
233 1891 309 2014 ιιιιιρ
310 1871 535 2028 ιιιιιιιιιιιιιίιιο
545 1940 725 2022 quantitate
736 1935 908 2011 utriusque
959 1855 1752 2008 ιιιιιοιιιιῃιιιιῃιιιιιθιιυιιιιιιιιιιιιειιιιιιιιιιιιιςῃιι

110 2039 274 2113 quantum
289 2030 328 2093 ad
345 2027 522 2108 objectum,
541 2019 744 2084 manifestum
759 2018 809 2076 est
822 2011 908 2104 qudd
959 2013 1032 2076 idad
1052 2016 1150 2076 etiam
1169 2012 1328 2094 quantum
1342 2013 1428 2077 mala
1443 2017 1492 2076 est
1507 2014 1657 2086 intentio,
1673 2018 1751 2075 tan-

112 2112 281 2190 quantitas
294 2106 383 2171 aetds
396 2123 460 2167 non
473 2103 622 2183 sequitur
633 2095 847 2176 quantitatem
860 2110 909 2152 m·
960 2093 1029 2156 tdm
1050 2094 1158 2160 etiam,
1171 2095 1327 2156 malama
1347 2088 1510 2155 polentas,
1532 2093 1592 2154 Sed
1614 2110 1679 2154 „0ss
1703 2098 1753 2155 ,δι

112 2190 280 2252 tentionis.
295 2186 388 2262 Quod
400 2183 528 2264 quidem
547 2199 588 2242 ex
602 2182 692 2256 parte
706 2171 797 2237 actris
812 2173 910 2234 exte-
960 2171 1076 2235 eadem
1097 2173 1180 2235 ratio
1204 2173 1243 2236 de
1266 2173 1427 2248 bonitate,
1447 2175 1484 2232 ut
1502 2171 1621 2234 dictum
1645 2177 1695 2235 est
1718 2172 1752 2236 in

114 2257 697 2346 rioriscontingerepotestdnpliciter
707 2272 714 2314 ι
724 2270 791 2314 uno
802 2248 909 2322 mede,
960 2269 1046 2330 resp.
1061 2251 1102 2314 ad
1115 2251 1146 2313 S.

114 2349 196 2426 quia
206 2347 366 2428 οιιιι111111
376 2343 460 2423 (ιῦοι
470 2334 687 2402 ⁰fdi¹¹³i¹¹f³d
697 2329 910 2394 finemimffl‘
960 2351 1143 2414 laricanus
1167 2369 1213 2413 rx.
1234 2385 1273 2396 -
1297 2349 1410 2414 Utrdm
1436 2349 1559 2413 donitas
1580 2350 1753 2414 voluntatis

115 2405 910 2519 rum,110„estproporttonatumdniilli3sicutsi
1001 2429 1169 2510 dependeat
1190 2448 1230 2492 cce
1255 2430 1474 2511 conformitate
1495 2429 1536 2491 ad
1562 2429 1755 2492 voluntatem

115 2522 194 2582 quis
207 2503 298 2565 daret
311 2500 543 2568 decentiores,
558 2511 623 2555 non
635 2495 910 2571 possetconsequt
1002 2511 1152 2572 divinam·
1180 2541 1219 2554 ,,,
1239 2507 1283 2590 (1,
1310 2510 1384 2570 (1533,
1409 2507 1459 2584 ag,
1481 2517 1544 2570 m,
1567 2510 1597 2584 1,
1622 2517 1652 2570 ,ι
1681 2509 1752 2572 per,

119 2599 214 2644 suam
229 2579 455 2648 intentionenr,
477 2575 503 2636 st
522 2572 699 2635 intenderet
719 2583 826 2632 eruere
842 2582 912 2624 rem
1003 2596 1109 2668 qm,
1125 2587 1176 2660 ῃ,
1191 2596 1254 2649 ω,
1272 2587 1303 2662 7,
1322 2586 1425 2668 corp.)

119 2661 282 2723 valentem
298 2661 427 2721 centum
446 2656 561 2726 libras3
584 2649 649 2714 alio
662 2646 763 2717 ,modo
782 2647 913 2722 propter

118 2739 348 2819 impedimenta
362 2753 435 2814 quas
450 2729 658 2812 supervenire
672 2728 807 2805 possunt
827 2725 913 2784 circa
1004 2709 1052 2772 lid
1068 2727 1191 2770 nonum
1206 2708 1252 2771 sic
1267 2709 1459 2788 proceditur.
1475 2711 1505 2771 1.
1518 2709 1653 2772 Videtur
1669 2710 1755 2788 qudd

113 2818 316 2881 exteriorem
334 2821 457 2886 actum,
473 2827 546 2890 quae
560 2826 624 2870 non
640 2811 688 2868 est
707 2805 741 2866 in
755 2803 913 2882 potestate
964 2790 1092 2852 bonitas
1104 2787 1278 2852 voluntatis
1291 2789 1439 2850 humanae
1451 2806 1516 2850 non
1527 2789 1704 2868 dependeat
1714 2809 1756 2856 err

117 2893 421 2964 nonannoeane,
436 2887 640 2970 putdaliquis
651 2883 786 2947 intendit
801 2882 847 2940 ire
859 2896 914 2940 us·
964 2869 1188 2961 conformitate
1208 2867 1383 2930 voluntatis
1404 2867 1530 2930 divine.
1553 2868 1756 2949 impossibile

116 2993 185 3054 que
206 2977 356 3044 liemaro,
378 2975 409 3032 et
430 2972 605 3032 occurrunt
620 2966 648 3026 ei
671 2961 911 3040 impedimenta,
965 2953 1014 3010 est
1027 2966 1111 3012 enam
1125 2947 1322 3009 voluntatem
1336 2945 1476 3007 hominis
1491 2945 1686 3009 conformari
1703 2965 1757 3008 vo·

115 3053 208 3132 quod
224 3071 289 3114 non
302 3056 409 3130 potest
421 3049 483 3110 hoc
498 3047 613 3108 tacere.
630 3043 689 3106 Sed
704 3044 851 3118 exparte
865 3036 914 3097 in·
965 3025 1081 3089 luntati
1097 3027 1232 3117 divina,
1253 3029 1289 3086 ut
1305 3029 1392 3106 patet
1411 3045 1469 3104 per
1485 3024 1517 3086 id
1538 3023 1625 3116 quod
1641 3025 1757 3088 dicitur

114 3133 250 3196 terioris
273 3131 364 3193 aetds
386 3125 562 3192 voluntatis
590 3140 654 3184 non
679 3124 730 3183 est
755 3117 817 3178 nisi
845 3131 912 3178 uno
964 3107 1028 3170 lsa.
1055 3104 1106 3182 55,
1122 3107 1141 3167 9
1158 3125 1165 3166 ι
1181 3105 1272 3167 Sicut
1289 3105 1471 3167 exaltentur
1484 3103 1550 3166 coeie
1566 3105 1584 3166 d
1600 3109 1695 3173 terra,
1711 3106 1758 3167 ita

116 3211 234 3284 modo,
249 3210 327 3288 quia
347 3207 516 3270 interiores
539 3208 629 3268 aetus
646 3197 820 3263 voluntatis
838 3197 915 3256 sunt
966 3187 1111 3279 castitate
1122 3192 1197 3246 suat
1214 3182 1272 3246 υἱέε
1285 3203 1357 3245 mec
1372 3183 1391 3245 d
1408 3184 1468 3248 viic
1484 3184 1614 3251 vestris.
1629 3197 1657 3245 ct
1672 3186 1758 3266 copi-

114 3292 157 3352 in
179 3293 336 3369 potestate
359 3285 491 3360 nostrai,
516 3301 582 3346 non
607 3287 716 3344 autem
736 3275 913 3338 exteriores
966 3261 1757 3357 tatronesmeredcapitationibusvestrissiergoad

112 3374 226 3432 actus.
242 3368 302 3430 Sed
317 3367 466 3428 voluntas
486 3367 590 3442 petest
605 3360 685 3422 velle
700 3353 830 3434 aliquod
849 3354 915 3414 ob-
965 3341 1758 3436 bonitatemvoluntatisrequireretureoniorrnitas

111 3449 240 3530 jectum
263 3459 329 3514 non
351 3447 628 3524 proportionatum
647 3437 702 3498 tini
723 3436 863 3504 intento;
883 3435 916 3492 et
966 3423 1005 3487 ad
1019 3424 1162 3485 divinam
1176 3423 1385 3495 voluntatem,
1398 3425 1589 3500 sequeretur
1601 3421 1687 3500 qudd
1700 3422 1759 3483 im-

114 3529 171 3591 sic
194 3527 363 3598 voluntas,
387 3540 461 3602 quae
486 3521 586 3583 tertur
606 3520 638 3580 in
660 3513 737 3578 illud
755 3513 915 3592 objectum
966 3501 1119 3580 possibile
1138 3500 1382 3593 essetuhominis
1397 3502 1597 3564 voluntatem
1609 3519 1681 3564 esse
1694 3501 1759 3562 ho-

115 3604 271 3670 absolute
283 3603 531 3672 consideratum,
544 3615 609 3660 non
622 3601 671 3658 est
680 3591 805 3656 tantinn
816 3593 913 3663 bona,
967 3599 1054 3654 nam,
1068 3580 1154 3659 quod
1167 3586 1216 3643 est
1228 3579 1470 3642 inconveniens.

112 3681 282 3764 quantiam
293 3687 341 3744 est
353 3682 500 3744 intentio.
516 3678 575 3740 Sed
586 3675 771 3756 quiaetiam
783 3671 853 3749 ipsa
866 3669 915 3728 in·
1005 3659 1320 3732 ermanaricus
1336 3659 1486 3720 noluntas
1499 3661 1609 3720 nostra
1626 3655 1760 3720 deriva-

114 3765 225 3826 tentio
237 3759 472 3841 quodammodo
484 3757 622 3837 pertinet
633 3754 673 3816 ad
683 3757 790 3815 actum
802 3747 915 3811 volun·
966 3745 1020 3804 tur
1032 3738 1053 3804 d
1066 3739 1230 3802 voluntate
1241 3735 1361 3807 divina,
1375 3738 1420 3800 ita
1432 3737 1566 3798 scientia
1579 3742 1689 3797 nostra
1703 3735 1761 3798 de-

114 3845 211 3910 tatis.
226 3842 261 3902 in
275 3835 432 3921 quantam
446 3838 569 3900 scilicet
582 3840 630 3896 est
641 3832 725 3894 ratio
737 3829 818 3908 ejus,
832 3843 916 3918 pro-
966 3819 1091 3882 rivatur
1107 3815 1272 3908 dscientid
1293 3813 1411 3878 divina.
1432 3815 1491 3876 Sed
1504 3831 1568 3876 non
1583 3815 1761 3892 requiritur

116 3929 196 4002 pter
205 3922 267 3985 hoc
275 3919 434 3982 redundat
445 3915 609 3994 quantitas
623 3914 715 3973 bona
728 3903 914 3969 intentionis
966 3899 1007 3990 ad
1013 3893 1469 3990 seientiamnostramquddsit
1476 3893 1647 3955 conformis
1656 3895 1761 3956 scien·

118 4003 158 4063 in
174 4001 385 4070 voluntatem,
403 3998 438 4058 in
455 3999 614 4074 quantum
628 3988 749 4052 scilicet
764 3985 914 4047 voluntas
968 3981 1019 4069 tire
1031 3976 1167 4048 drvrnae3
1184 3973 1285 4036 multa
1309 3973 1395 4035 enim
1415 3973 1501 4036 lteus
1529 3973 1588 4034 seit
1610 3990 1682 4050 quae
1700 3991 1759 4036 nos

118 4080 194 4142 vult
207 4077 337 4158 aliquod
358 4079 479 4138 bonum
497 4087 651 4151 magnum
664 4075 700 4129 ut
715 4065 829 4136 tinem,
842 4059 917 4122 ιιοιι
968 4051 1267 4146 ignoramuslirqo
1282 4070 1348 4113 non
1361 4051 1539 4132 requiritur
1550 4051 1636 4132 qudd
1646 4053 1761 4116 voluu-

120 4159 205 4220 illud
216 4175 274 4238 per
288 4156 374 4236 quod
387 4155 457 4216 vult
469 4149 624 4229 consequi
639 4151 764 4210 tantum
778 4145 914 4216 bonum,
969 4141 1017 4197 tas
1033 4137 1144 4196 nostra
1158 4137 1200 4194 ιιι
1213 4129 1384 4195 conformis
1400 4131 1559 4194 voluntati
1571 4132 1698 4195 divina.

120 4255 191 4301 non
207 4236 389 4317 sitdignum
404 4235 459 4294 illo
474 4233 571 4293 bono.
1007 4213 1038 4276 3.
1054 4215 1228 4285 Praeterea,
1243 4211 1394 4274 voluntas
1412 4215 1461 4272 est
1481 4211 1617 4274 actionis
1656 4211 1762 4274 rinei-

166 4316 198 4378 Si
215 4313 292 4379 rerd
306 4313 527 4376 consideretur
544 4307 707 4388 quantitas
728 4297 915 4363 intentionis
967 4293 1069 4387 pium.
1079 4291 1141 4386 Sed
1153 4290 1237 4384 aetio
1248 4297 1359 4352 nostru
1374 4294 1554 4369 nonpotest
1565 4229 1760 4354 confirmari

122 4400 158 4458 et
167 4395 257 4457 actds
270 4389 663 4456 secundirmintcntionem
675 4383 857 4458 utriusque,
871 4379 917 4440 sic
969 4378 1087 4435 actioni
1104 4369 1230 4434 drvrnae.
1242 4369 1327 4449 Ergo
1337 4387 1402 4430 non
1415 4369 1593 4448 requiritur
1606 4369 1692 4448 qudd
1704 4389 1762 4433 ιο-

122 4475 266 4538 intensio
283 4469 470 4535 intentionis
483 4465 642 4530 redundat
657 4465 689 4525 in
704 4465 811 4524 actum
826 4458 918 4518 inte-
968 4451 1078 4514 luntas
1094 4456 1205 4513 nostra
1219 4451 1261 4512 sit
1275 4449 1448 4510 conformis
1466 4447 1760 4512 voluntatidivinre.

121 4555 245 4619 fierem
267 4556 299 4614 et
319 4551 512 4614 exteriorem
532 4541 725 4614 voluntatis,
749 4538 826 4616 quia
847 4537 918 4615 ipsa
1008 4530 1069 4594 Sed
1083 4537 1195 4592 contra
1210 4534 1258 4590 est
1277 4527 1363 4606 quod
1376 4525 1493 4588 dicitur
1505 4525 1619 4587 Mutth.
1637 4525 1688 4597 ιιι,
1702 4527 1760 4586 3ιι

121 4632 262 4696 intentio
276 4626 511 4710 quodammodo
524 4643 560 4687 se
574 4624 670 4685 habet
687 4618 863 4680 formaliter
877 4614 918 4676 ad
969 4609 1001 4672 N
1004 4629 1045 4671 on
1055 4609 1138 4670 sicat
1148 4625 1203 4684 eqo
1218 4605 1305 4674 volo,
1318 4605 1370 4666 sed
1379 4605 1461 4665 sicut
1477 4615 1511 4665 ta
1522 4603 1590 4672 ais:
1607 4605 1692 4680 quod
1708 4605 1763 4664 di-

122 4717 314 4790 utrumque,
325 4715 411 4772 utex
420 4721 519 4785 supra
530 4703 621 4764 dictis
631 4703 730 4778 patet,
740 4699 855 4774 quaest.
866 4693 916 4768 12,
969 4689 1023 4761 cit,
1033 4689 1109 4767 quia
1122 4693 1240 4748 rectam
1251 4684 1319 4746 vait
1332 4701 1392 4743 csse
1404 4681 1565 4751 hominem,
1575 4691 1601 4742 et
1615 4681 1764 4743 adtletae

123 4795 189 4854 art.
203 4789 235 4865 i,
250 4787 325 4850 lieet
337 4785 547 4849 materialiter
557 4778 735 4842 intentione
746 4773 834 4836 recta
849 4773 918 4835 exi·
971 4767 1080 4846 diripi,
1103 4769 1139 4828 ut
1155 4763 1357 4842 Augustinus
1379 4761 1455 4822 dicit
1477 4761 1510 4821 in
1527 4759 1659 4822 Enchir.
1682 4761 1763 4841 (irn-

124 4874 231 4934 stente
246 4865 392 4939 intensa,
406 4863 508 4946 possit
527 4877 598 4924 esse
614 4861 705 4920 actus
720 4853 855 4916 interior
868 4851 918 4914 vel
970 4847 1046 4926 plic.
1066 4863 1107 4907 ex
1127 4860 1201 4921 cap.
1223 4841 1298 4914 106,
1318 4840 1374 4903 sed
1388 4857 1533 4918 express.
1555 4841 1587 4900 in
1609 4841 1692 4902 Psal.
1710 4839 1762 4914 32,

124 4948 269 5011 exterior
289 4964 355 5009 non
376 4945 421 5021 ita
443 4942 610 5009 intensus,
633 4933 843 4997 materialiter
862 4930 916 4991 lo-
971 4925 1207 4999 conc.l‚super
1221 4920 1438 4982 illudrltectos
1449 4917 1534 4980 decet
1544 4917 1763 5000 collaudatio).

124 5027 257 5106 quenda
277 5046 286 5086 ι
303 5021 383 5106 putd
405 5019 479 5086 crim
499 5018 617 5099 aliquis
639 5031 705 5077 non
726 5013 771 5074 ita
793 5005 918 5071 intense
970 5002 1136 5066 Rectitudo
1151 5005 1259 5063 autem
1280 4997 1455 5062 voluntatis
1468 5004 1518 5060 est
1531 4997 1658 5062 bonitas
1680 5000 1762 5061 e'us.

126 5101 547 5170 vultmedicinamsumere,
558 5093 719 5160 sicutvnlt
729 5090 917 5161 sanitatem3
970 5084 1055 5163 Ergo
1069 5081 1193 5144 bonitas
1206 5079 1381 5142 voluntatis
1398 5076 1554 5157 dependet
1572 5095 1614 5140 ex
1629 5019 1765 5141 conier-

127 5193 236 5247 tamen
251 5184 313 5246 hoe
325 5185 431 5261 ipsum
444 5178 531 5260 qudd
544 5181 594 5238 est
609 5170 735 5235 intense
754 5167 919 5230 intendere
972 5164 1082 5225 mitate
1095 5159 1134 5224 ad
1146 5159 1344 5222 voluntatem
1358 5155 1513 5220 divinam.

125 5263 317 5334 sanitatem,
332 5259 490 5323 redundat
504 5253 680 5318 formaliter
699 5251 733 5312 in
754 5247 816 5310 hoc
833 5245 919 5327 quod
964 5299 968 5304 .
1011 5237 1200 5316 Respondeo
1215 5237 1392 5329 ‘dicendam
1416 5235 1522 5315 qudd,
1547 5235 1630 5298 sicut
1646 5235 1764 5299 dictum

127 5348 177 5405 est
191 5339 316 5404 intense
329 5339 409 5402 velle
422 5335 585 5400 medicari.
599 5331 659 5394 Sed
673 5333 781 5393 tamen
796 5326 858 5388 hoe
872 5331 920 5388 est
964 5325 1022 5384 est
1046 5323 1107 5382 art.
1130 5317 1149 5378 ι
1166 5317 1264 5397 hujus
1277 5320 1392 5396 quaest.
1406 5360 1414 5392 ‚
1438 5315 1564 5378 bonitas
1586 5315 1763 5378 voluntatis

125 5419 410 5487 considerandum,
428 5415 514 5495 qudd
527 5411 666 5476 intensio
680 5405 771 5470 actius
783 5403 921 5466 interio-
972 5398 1129 5477 dependet
1158 5413 1200 5458 en
1227 5396 1404 5459 intentione
1431 5393 1516 5456 linis.
1539 5393 1628 5456 Finis
1656 5399 1764 5456 autem

126 5499 233 5564 risnel
244 5496 414 5564 exterioris
444 5498 528 5556 otest
538 5490 650 5554 reterri
660 5485 920 5552 adintentionem
974 5479 1105 5540 ultimus
1118 5475 1291 5538 voluntatis
1308 5476 1457 5538 humana
1469 5478 1518 5536 est
1532 5490 1691 5535 eumanum
1706 5474 1766 5534 lto-

128 5579 343 5659 arabartum,
355 5594 398 5656 pu
444 5560 921 5652 ciamaliquisintenditintensd
974 5575 1070 5631 num,
1094 5555 1179 5634 quod
1197 5559 1247 5616 est
1263 5554 1349 5617 Deus
1361 5597 1370 5626 ‚
1384 5557 1421 5618 ut
1441 5568 1540 5632 supra
1555 5551 1674 5613 dictum
1696 5554 1763 5620 est,

128 5657 282 5734 relle,vel
292 5653 413 5735 aliquid
421 5647 735 5728 intenseoperari3et
743 5648 920 5706 tamennon
946 5678 951 5686 -
974 5640 1088 5717 quaest.
1105 5637 1135 5710 t,
1150 5637 1211 5696 art.
1227 5633 1258 5694 8.
1279 5633 1466 5712 Requiritur
1489 5647 1566 5709 ergo
1580 5629 1620 5690 ad
1634 5628 1767 5690 honita-

128 5743 260 5819 propter
280 5737 343 5798 hoc
362 5732 487 5795 intense
507 5731 576 5794 vult
598 5729 646 5792 vel
661 5726 830 5804 operatur,
843 5719 922 5798 quia
975 5723 1039 5779 tem
1063 5715 1211 5776 humanas
1235 5709 1409 5776 uoluntatis
1433 5707 1518 5788 qudd
1543 5705 1709 5769 ordinetur
1725 5709 1766 5770 ad

128 5817 342 5898 quantitatem
351 5813 466 5876 intenti
479 5810 555 5873 boui
565 5803 783 5884 noosequitur
794 5801 920 5863 bonius
975 5793 1279 5860 summumbonum.
