4006 6344
173 307 224 364 rer
686 299 821 370 oonsv.
843 297 957 354 ncvnr.
980 295 1022 352 ne
1042 295 1131 352 ceos
1153 295 1289 354 veroni.
1758 297 1823 360 ese-

172 413 387 488 ebrervnttis
402 413 524 493 salvari
544 413 736 493 potuissent.
751 411 836 490 Ergo
852 411 961 476 nullus
1017 415 1089 492 post
1101 415 1268 490 peccatum
1280 411 1417 494 indiguit
1430 410 1614 494 huiusmodi
1630 413 1744 481 solutis
1757 431 1809 478 rs·

169 495 293 566 alvari
305 498 442 574 poterat,
459 492 521 555 nisi
535 493 565 554 lo
588 509 639 554 em
652 492 851 552 observaret.
1017 491 1134 554 medio.
1153 491 1238 584 Ergo
1252 491 1360 556 statim
1379 495 1452 572 post
1471 497 1639 572 peecatum
1652 492 1706 556 lex
1720 499 1809 558 vetus

203 573 274 641 flod
290 577 404 636 contra
417 571 567 652 estquod
608 569 875 651 ionysiusdicitd
892 586 963 630 ea.
1017 569 1127 633 debuit
1141 569 1222 632 dari.
1546 612 1549 622 .

168 655 294 722 omlest.
324 651 507 726 ilierarcb.,
537 656 610 729 post
636 649 732 722 med„
760 649 847 726 quod
872 587 966 712 multi
1057 647 1089 708 2.
1111 651 1284 721 proterea,
1310 650 1366 714 lex
1388 653 1482 713 vetus
1510 650 1585 713 data
1609 653 1658 714 est
1702 656 1812 732 ropter

196 732 339 796 cnsilium
351 749 408 809 per
429 729 562 810 tapetes
580 737 654 792 sent
668 727 790 790 reducti
807 729 841 791 in
855 728 962 790 Deum.
1018 727 1304 790 sanctificationem
1325 747 1439 793 eorum
1461 747 1502 792 ex
1526 730 1644 810 quibus
1690 731 1810 794 hristus

173 753 966 889 gedeonstatqubdgentileslegemnonobsorva·
1019 805 1202 872 nasciturus
1211 811 1290 872 erat.
1302 807 1361 872 Sed
1371 808 1644 888 Abrabseincoepit
1655 809 1725 873 lieri
1737 827 1813 889 pro·

174 884 968 968 bant.orgeabsqueobsersemitlegispotuerunt
1019 885 1130 949 missio
1144 886 1183 950 de
1202 887 1336 960 semine,
1354 886 1441 969 quod
1453 891 1503 950 est
1523 887 1682 962 Christus,
1698 888 1812 951 utba-

174 969 275 1051 aliqui
292 970 423 1032 salvari.
546 1022 548 1028 s
1019 965 1115 1028 betur
1126 966 1208 1028 Gen.
1224 965 1274 1026 ts.
1290 967 1376 1048 Ergo
1395 967 1660 1047 statimtempore
1674 967 1813 1031 Abrabu

212 1047 404 1127 Respondeo
418 1046 586 1110 dicendum
610 1043 696 1124 quod
718 1043 772 1106 lex
787 1048 879 1108 vetus
895 1060 968 1106 ma·
1019 1043 1129 1106 debuit
1139 1045 1194 1108 lex
1209 1043 1291 1110 dari.

175 1127 515 1206 uilestabatprceeepta
526 1125 604 1204 legis
620 1127 754 1198 natura,
765 1128 797 1186 et
809 1122 968 1202 superad·
1059 1123 1090 1184 3.
1103 1123 1271 1200 Pessima,
1279 1123 1362 1187 sicut
1370 1123 1515 1188 Christus
1524 1141 1589 1186 nou
1604 1130 1653 1188 est
1662 1127 1758 1189 natus
1770 1142 1811 1188 es

175 1206 270 1270 debat
280 1207 427 1286 quodam
442 1205 573 1284 propria
588 1205 758 1282 praecepta.
1019 1201 1092 1267 aliis
1101 1202 1365 1267 descendentibus
1375 1221 1418 1266 ex
1427 1205 1504 1276 Noc,
1515 1204 1577 1266 nisi
1586 1222 1629 1268 ox
1636 1204 1813 1278 Abrabam,
1907 1239 1909 1244 ·

213 1281 379 1363 Quantdm
391 1285 491 1366 igitur
505 1284 545 1348 od
560 1283 616 1346 illa
629 1299 701 1361 que
717 1282 772 1344 lox
786 1283 878 1342 vetus
892 1297 968 1342 con·
1021 1281 1073 1344 cui
1086 1281 1169 1347 lacta
1182 1288 1231 1344 est
1264 1281 1426 1354 somissio,
1443 1282 1488 1346 ita
1504 1283 1600 1344 etiam
1612 1299 1678 1345 non
1693 1288 1744 1346 est
1756 1279 1816 1346 nas·v

175 1365 299 1430 tinebat
309 1365 347 1426 de
361 1363 432 1443 lege
446 1368 580 1434 natura,
594 1377 707 1422 omues
720 1361 914 1452 tenebantur
927 1359 967 1422 ad
1021 1363 1072 1424 tus
1090 1379 1132 1424 ex
1144 1361 1216 1424 aliis
1232 1300 1307 1424 dius
1329 1362 1478 1435 Abrabae,
1493 1361 1556 1424 nisi
1573 1379 1615 1424 ex
1629 1361 1742 1434 David,
1761 1359 1816 1424 cui

175 1443 415 1506 observantiam
434 1443 551 1504 veteris
577 1439 675 1518 legis,
690 1456 756 1502 non
777 1455 854 1516 qula
876 1442 969 1500 erant
1021 1437 1812 1520 estpromtssierenovate,seeunddmilludsneg.

175 1523 214 1584 de
224 1523 326 1587 veteri
338 1523 420 1602 lege,
432 1521 487 1584 sod
499 1521 578 1598 quio
589 1522 682 1580 erant
693 1517 732 1579 do
744 1519 815 1596 lege
825 1522 968 1590 nantum,
1020 1516 1071 1592 2³,
1087 1519 1103 1580 1
1117 1539 1124 1579 ε
1137 1519 1230 1584 Dicit
1242 1519 1293 1581 eir
1306 1520 1358 1582 coi
1368 1520 1572 1582 constitutum
1583 1527 1627 1581 est
1640 1519 1676 1581 de
1686 1519 1813 1584 cornio

176 1602 232 1664 sed
245 1596 404 1680 quantum
420 1601 459 1663 ad
474 1600 530 1662 illa
542 1615 616 1676 quos
632 1599 684 1659 lox
700 1601 791 1660 vetus
808 1596 970 1674 superad-
1022 1597 1081 1658 Dei
1094 1597 1206 1662 Jacob.
1229 1599 1314 1680 Ergo
1339 1601 1393 1662 lex
1408 1603 1500 1662 vetus
1525 1599 1635 1662 debuit
1656 1598 1726 1662 dari
1741 1607 1813 1678 post

176 1681 290 1753 debat,
307 1697 373 1744 non
395 1681 588 1742 tenebantui
606 1676 708 1753 aliqui
729 1676 769 1738 ad
786 1677 970 1737 observan-
1021 1675 1135 1750 David,
1151 1677 1234 1740 sicut
1247 1677 1322 1741 data
1338 1683 1386 1740 est
1400 1683 1472 1756 post
1485 1678 1660 1740 Abrabam.

176 1760 256 1822 tiam
270 1759 387 1824 vetoris
402 1757 493 1837 legis,
509 1757 571 1820 nisi
583 1755 672 1818 solus
708 1755 825 1833 opulus
840 1754 971 1816 ludeo·
1061 1755 1120 1818 Sed
1132 1761 1245 1820 contra
1258 1757 1404 1835 estquod
1417 1757 1591 1837 Apostolus
1604 1755 1814 1819 distractast.

176 1856 262 1901 rum.
283 1838 383 1917 Cuius
402 1837 486 1898 ratio
503 1839 570 1907 est,
585 1834 663 1912 quia
683 1773 739 1896 fex
758 1837 869 1906 vetus,
888 1833 971 1896 sicut
1022 1833 1053 1907 3,
1065 1835 1115 1906 16,
1126 1834 1211 1913 qubd
1223 1835 1415 1916 lexpropter
1425 1834 1816 1918 transgressionempositn

176 1917 299 1980 dictum
311 1922 360 1980 est
371 1920 432 1979 art.
437 1931 556 2056 free,
567 1913 641 1975 data
655 1921 704 1974 est
717 1912 971 1992 populoludroo·
1022 1921 1076 1983 est.
1093 1912 1190 1976 donec
1205 1915 1324 1978 ueniret
1337 1933 1436 1976 semen
1451 1915 1713 2056 cufflomiserot,
1729 1914 1816 1977 ordi-

177 2015 271 2070 rum,
289 2000 436 2074 utquam
458 2010 512 2058 am
531 1991 777 2084 prerogativam
792 1989 970 2055 sanctitatis
1022 2000 1099 2054 nato
1110 2009 1171 2072 per
1183 1993 1317 2072 Angelos
1331 1993 1366 2056 in
1378 2011 1473 2055 mone
1524 1992 1741 2064 edioton's‚id
1754 1999 1816 2065 est,

178 2075 339 2150 obtineret
369 2078 480 2153 ropter
491 2075 705 2136 reverentiam
715 2070 846 2144 Christi,
858 2069 914 2149 qui
930 2087 972 2131 ex
1024 2071 1246 2136 ordinabiliter
1271 2073 1364 2146 datu,
1391 2075 1427 2134 ut
1454 2073 1569 2136 Glossa
1595 2072 1700 2134 ordin.
1727 2071 1815 2134 dicit.

178 2155 236 2216 illo
268 2094 388 2232 ροροῗο
420 2152 603 2214 nasciturus
638 2152 718 2242 erat.
752 2151 972 2243 Quoscumque
1022 2149 1108 2290 Ergo
1118 2167 1297 2231 congruum
1307 2151 1367 2214 luit
1381 2157 1417 2214 ut
1428 2152 1484 2216 lox
1494 2156 1586 2216 vetus
1596 2151 1653 2213 illo
1663 2150 1816 2232 temporis

179 2237 291 2297 autem
313 2237 501 2294 statuuntur
522 2230 563 2293 ad
588 2229 760 2306 specialem
785 2228 971 2322 aliquorum
1024 2245 1062 2290 or
1083 2230 1338 2292 rnetraderetur.

179 2309 489 2384 sanctificationem,
516 2326 583 2372 non
611 2307 755 2386 obligant
786 2308 847 2368 nisi
875 2307 970 2380 illoss
1064 2309 1253 2388 Respondeo
1277 2309 1445 2371 dicendum
1468 2307 1555 2386 qubd
1580 2307 1816 2372 convenientis·

180 2386 801 2469 sicutadqusedamobliganturclerici,
836 2387 973 2447 ulman·
1025 2386 1277 2450 simdtoxvetus
1297 2387 1371 2449 data
1388 2387 1604 2465 luittempore
1620 2387 1737 2467 Moysi.

180 2469 332 2548 cipantur
346 2469 455 2530 divino
470 2465 661 2536 ministerio,
676 2464 716 2526 ad
731 2404 893 2543 quateret
906 2480 973 2525 uon
1064 2464 1163 2527 Cu‘us
1184 2467 1268 2527 ratio
1288 2469 1393 2544 potest
1414 2465 1515 2544 accipi
1536 2481 1577 2527 ex
1597 2465 1742 2531 duobus.
1760 2482 1817 2526 se-

180 2549 382 2627 obligantur;
404 2547 551 2608 similiter
564 2548 596 2606 et
610 2543 753 2622 religiosi
773 2543 814 2605 ad
826 2543 974 2622 quedam
1026 2545 1110 2606 eund
1179 2545 1265 2622 qudd
1279 2545 1432 2623 qualibet
1443 2543 1497 2605 lex
1507 2543 1633 2606 duobus
1644 2542 1817 2625 generibus

180 2625 386 2707 perfectionis
401 2641 501 2704 opera
517 2623 702 2702 obligantur
715 2641 757 2684 ex
771 2622 831 2684 sud
844 2621 975 2700 proies·-
1025 2623 1194 2684 bominum
1202 2624 1392 2702 imponitur.
1403 2623 1583 2702 lmponitur
1590 2623 1817 2702 enimqulbus-

181 2705 346 2778 sione‚ad
382 2721 434 2766 ue
455 2704 616 2766 moulares
640 2702 924 2780 nonobligantur;
943 2707 975 2762 et
1026 2700 1098 2764 dam
1117 2701 1206 2764 duris
1223 2706 1256 2764 et
1271 2704 1439 2780 superbis,
1458 2702 1514 2780 qni
1531 2719 1590 2781 per
1609 2702 1713 2781 legem
1729 2717 1819 2763 cons

182 2723 533 2861 similiternflquedam
542 2781 693 2860 specialia
703 2781 907 2871 obligabatur
918 2795 976 2855 po·
1026 2785 1203 2858 poscuntur
1233 2785 1264 2844 et
1293 2781 1485 2855 domantur3
1518 2781 1695 2862 imponitur
1722 2779 1821 2844 etiem

182 2863 280 2942 pulus
293 2863 347 2926 ille
360 2862 400 2924 ad
416 2879 490 2954 qum
504 2861 559 2923 alii
576 2876 618 2938 po
641 2860 687 2921 uli
702 2875 768 2920 non
783 2859 977 2950 obligaban-
1027 2859 1132 2952 bonis,
1170 2861 1204 2920 oi
1221 2878 1279 2938 per
1291 2862 1395 2941 legem
1409 2861 1559 2922 instructi
1572 2858 1768 2940 adjuvantur
1779 2853 1820 2923 ad

182 2947 248 3004 tur.
262 2941 350 3004 Unde
362 2941 480 3002 dieitur
491 2941 585 3002 Dent.
603 2877 653 3009 lg,
669 2937 707 2998 13
720 2957 727 2998 :
741 2937 901 3018 Perfectus
913 2954 976 2998 eres
1027 2877 1225 3078 smElenflum
1237 2939 1324 3017 quod
1338 2938 1519 3000 intendunt.

183 3029 213 3083 et
228 3020 341 3101 absque
353 3019 476 3082 muculd
492 3035 596 3080 eorem
616 3017 751 3080 Domino
773 3017 836 3078 Deo
851 3023 917 3077 tuo.
937 3015 977 3076 Et
1091 3019 1269 3080 onveniens
1288 3018 1387 3098 igitur
1400 3016 1460 3078 lun
1479 3017 1536 3078 tull
1558 3021 1702 3097 temporo
1715 3014 1820 3096 legem

184 3103 317 3240 Bropter
329 3099 392 3160 hoc
404 3099 501 3160 etiarn
523 3095 663 3176 quddam
688 3095 888 3173 professione
907 3098 977 3154 ute·
1027 3099 1168 3158 veterem
1178 3095 1249 3158 dari
1262 3096 1300 3160 ad
1312 3097 1495 3174 superbiam
1510 3095 1676 3160 bominum
1688 3095 1819 3157 convin-

207 3183 322 3251 antur,
342 3181 379 3240 ut
399 3181 486 3257 potet
504 3177 680 3240 Deuteron.
695 3173 747 3248 26,
763 3173 806 3233 3:
823 3174 978 3254 Profiteor
1028 3173 1173 3236 cendam.
1186 3177 1231 3238 lle
1244 3175 1369 3238 duobus
1385 3174 1472 3238 enim
1485 3173 1582 3235 bomo
1597 3174 1820 3252 superbiebat,

184 3256 276 3320 dedo
295 3274 399 3320 eornm
418 3255 553 3317 Domino
571 3256 636 3315 deo
660 3261 733 3326 teo,
755 3256 815 3314 eto.
1029 3253 1149 3316 scilieet
1163 3253 1202 3316 de
1216 3252 1350 3317 scientid
1363 3257 1396 3316 et
1408 3253 1447 3316 de
1459 3251 1603 3332 potentia
1616 3273 1625 3313 s
1638 3249 1819 3320 descientia

225 3334 273 3397 sd
286 3335 426 3414 primum
443 3351 520 3414 ergo
539 3332 709 3395 dicendum
721 3330 808 3410 qubd
827 3329 979 3408 quicum·
1029 3331 1178 3411 quidem,
1192 3335 1285 3411 quasi
1300 3333 1384 3396 ratio
1398 3333 1557 3396 naturalis
1570 3331 1600 3395 ei
1612 3333 1721 3410 posset
1733 3327 1819 3392 sulu-

186 3431 250 3494 que
262 3413 445 3476 subduntur
453 3412 729 3492 regi‚obligantur
737 3411 781 3472 ad
791 3411 894 3489 legem
907 3408 977 3488 ojus
1030 3428 1103 3473 cere
1117 3410 1156 3474 ad
1171 3413 1326 3484 salutom3
1342 3417 1373 3474 ot
1390 3411 1480 3484 ideb,
1494 3416 1529 3472 nt
1543 3410 1583 3473 de
1598 3410 1661 3473 boo
1673 3408 1743 3489 ejus
1759 3425 1821 3471 su··

186 3492 422 3555 observandam
454 3507 553 3586 quam
584 3489 734 3552 omnibus
765 3491 979 3552 communiter
1030 3490 1143 3568 perbia
1166 3493 1432 3564 convinceretur,
1452 3491 1628 3570 permissus
1652 3493 1702 3549 est
1725 3487 1822 3548 bomo

171 3593 173 3600 ’
209 3571 427 3650 reponitesed
444 3588 471 3632 οι
489 3569 761 3648 instituataliqua
777 3565 980 3630 observanda
1030 3569 1179 3648 regimini
1210 3587 1277 3632 sum
1309 3571 1443 3632 rationis
1475 3571 1598 3647 absque
1627 3566 1821 3629 adminiculo

187 3589 208 3713 x
226 3651 294 3712 suis
309 3649 520 3712 familiaribus
537 3647 713 3719 ministris,
729 3647 770 3710 ad
788 3647 857 3709 baso
873 3645 979 3708 caeteri
1030 3646 1111 3727 legis
1126 3648 1268 3726 scriptos
1289 3652 1319 3710 et
1339 3648 1560 3726 experimento
1581 3646 1678 3708 bomo
1689 3644 1822 3712 discere

189 3746 257 3792 non
272 3729 469 3808 obligantur.
1031 3727 1135 3865 Eotuit
1172 3727 1234 3787 nbd
1242 3728 1425 3806 patiebatur
1439 3726 1573 3787 rationis
1585 3723 1822 3802 detectum,per

228 3808 276 3870 Ad
288 3807 464 3870 secundum
475 3805 643 3868 dicendum
653 3803 738 3883 qudd
749 3803 846 3864 homo
857 3801 980 3882 quantd
1055 3823 1094 3866 οο
1111 3821 1156 3884 qu
1212 3806 1358 3867 hominos
1380 3821 1485 3883 usque
1508 3805 1546 3866 ad
1562 3803 1777 3865 idololatriam
1791 3805 1824 3862 et

188 3885 316 3948 Deoma
342 3887 367 3948 is
383 3885 603 3965 conjungitur,
619 3882 981 3946 tantbettlciturmelio-
1032 3886 1063 3944 et
1090 3882 1276 3961 turpissima
1302 3884 1379 3946 vitia
1403 3884 1489 3947 circa
1515 3887 1658 3962 tempora
1685 3880 1827 3942 serane

188 3965 235 4027 ris
254 3905 446 4028 conditionis
459 3985 468 4036 ;
483 3970 514 4026 ot
533 3960 605 4024 idad
626 3961 749 4041 quanto
787 3961 904 4038 opulus
917 3961 982 4022 Ju-
1032 3967 1108 4024 sunt
1123 3963 1277 4040 prolapsi.
1290 3963 1331 4024 Et
1343 3962 1414 4023 ideo
1428 3967 1503 4040 post
1523 3961 1590 4024 baec
1602 3964 1746 4040 tempora
1763 3957 1827 4020 tuit

189 3979 982 4132 dreorumeratadstriotusmagisuadgivinumcul-
1032 4043 1251 4103 necessarium
1271 4043 1374 4136 legem
1399 4042 1551 4120 scriptam
1571 4038 1641 4102 dari
1662 4039 1695 4099 in
1717 4055 1829 4100 reme-v

189 4126 271 4194 tum,
281 4122 370 4184 tantb
381 4121 508 4200 dignior
517 4122 589 4183 aliis
602 4119 729 4199 populis
741 4123 826 4180 orat:
841 4116 925 4179 unde
935 4119 982 4178 di·
1032 4119 1121 4181 dium
1139 4121 1290 4182 humanae
1309 4121 1520 4200 ignorantias.
1544 4119 1621 4197 quta
1644 4116 1824 4199 perlegam

190 4201 414 4264 citurDeutcr.
427 4197 979 4277 t,8:0eeesentapeneeieteelpsa,
1033 4201 1082 4260 est
1095 4199 1234 4279 cognitio
1256 4200 1394 4278 peccati,
1410 4205 1445 4261 ut
1464 4198 1580 4260 dicitur
1602 4199 1694 4259 llom.
1716 4197 1746 4257 7.
1763 4193 1823 4256 Sed

190 4276 982 4357 etbodentceremonias,'justoquejedieimetuni-
1032 4277 1203 4356 postqudm
1228 4279 1323 4340 bomo
1346 4282 1394 4340 cst
1418 4279 1593 4341 instructus
1619 4277 1823 4358 perlegam,

190 4375 310 4420 oneum
320 4357 434 4437 legem?
446 4357 486 4418 Et
500 4357 647 4419 similiter
658 4357 756 4418 etiam
770 4355 928 4434 quantbm
941 4355 981 4417 ad
1032 4357 1179 4420 convicta
1188 4361 1236 4420 est
1248 4357 1317 4437 ejus
1328 4359 1480 4436 snperbia
1491 4357 1529 4418 de
1541 4356 1737 4427 infirmitate,
1747 4349 1823 4413 ddm

191 4436 254 4500 boo
273 4441 351 4500 sunt
373 4437 514 4498 melioris
539 4435 729 4498 conditionis
753 4434 859 4497 clerici
882 4431 980 4514 qudm
1033 4435 1167 4514 implere
1192 4453 1258 4498 non
1282 4440 1408 4516 poterat
1432 4436 1517 4514 quod
1534 4434 1760 4516 cognoscebat.
1785 4429 1823 4492 Et

190 4515 277 4588 laici,
293 4519 326 4578 et
340 4515 482 4595 religiosi
498 4513 598 4593 quarn
613 4513 787 4575 seculares.
1033 4515 1115 4588 ided,
1127 4515 1393 4607 sicutApostolus
1404 4514 1565 4576 concludit
1576 4513 1614 4574 ard
1627 4513 1717 4578 ltom.
1728 4507 1760 4581 3,
1771 4507 1823 4583 31,

233 4594 279 4655 lld
293 4595 423 4656 tertium
438 4592 606 4656 dicendum
621 4591 706 4671 qudd
726 4591 860 4671 gentiles
875 4591 982 4670 perte·
1032 4593 1116 4672 qood
1125 4592 1315 4670 imposssdsle
1327 4601 1392 4652 erat
1404 4592 1476 4672 tegi,
1488 4593 1522 4655 in
1532 4608 1593 4670 quo
1606 4585 1826 4670 infirmabatur

192 4671 275 4736 otids
284 4677 316 4734 et
325 4670 470 4736 securids
482 4671 617 4734 salutem
628 4672 909 4748 consequebantur
921 4673 981 4732 sub
1030 4689 1088 4750 per
1108 4689 1245 4739 earnem,
1267 4673 1352 4734 misit
1375 4672 1458 4730 Deus
1481 4670 1602 4732 Filium
1624 4685 1765 4729 serm...
1787 4673 1825 4727 ut

192 4751 406 4814 observantiis
422 4751 503 4830 legis
520 4749 619 4829 quam
635 4750 696 4811 sub
715 4748 785 4811 sold
799 4749 870 4828 lege
883 4755 983 4810 natu·
1026 4748 1214 4831 justificatio
1226 4749 1301 4828 lepis
1314 4751 1495 4830 inspissetur
1507 4749 1542 4811 in
1554 4746 1655 4810 nobis.
1671 4747 1720 4807 Ex
1732 4749 1827 4824 parte

192 4830 271 4899 ralis
298 4834 330 4892 et
355 4829 427 4891 ideb
452 4829 491 4892 ad
520 4846 574 4891 eas
605 4827 871 4901 admittebantur;
899 4829 982 4890 sicut
1034 4827 1429 4892 verobooorumlexdata
1443 4828 1535 4891 estin
1548 4823 1825 4903 auxilium3quod

193 4909 289 4971 etiam
304 4925 392 4970 nunc
410 4909 482 4969 laici
500 4909 668 4970 transeunt
682 4907 721 4969 ad
734 4907 936 4976 clericatum,
950 4911 982 4968 et
1055 4907 1162 4970 uidem
1186 4911 1264 4970 tunc
1290 4905 1431 4970 maxime
1457 4908 1578 4987 populo
1605 4903 1825 4968 necessarium

193 4987 356 5050 seculares
368 4986 408 5049 ad
420 4986 777 5067 religionem,quamvis
788 4987 911 5064 absque
921 4985 982 5048 boc
1033 4925 1094 5047 ?uit
1107 4987 1238 5065 qnando
1253 4987 1304 5048 lox
1320 4987 1478 5048 naturalis
1501 4981 1833 5062 obscurariincipie-s-

193 5066 319 5146 possjnt
332 5066 463 5130 salvari.
1033 5065 1089 5126 bat
1098 5069 1229 5144 propter
1238 5065 1483 5129 exuberantiam
1493 5069 1710 5143 peccatorum.
1722 5061 1828 5140 Opor*

194 5145 376 5208 Asnoocos
396 5141 612 5206 vn-Utmlm
631 5143 684 5206 lenc
699 5151 788 5205 ectus
803 5143 983 5204 convenien-
1034 5146 1121 5206 tebat
1155 5143 1240 5206 enim
1276 5144 1460 5224 huiusmodi
1490 5143 1649 5207 auxilium
1684 5139 1826 5219 quodam

236 5231 283 5284 ter
300 5224 375 5286 doto
397 5224 492 5306 [derit
518 5231 576 5284 tem
599 5239 652 5283 ore
675 5223 795 5302 illapsi.
817 5257 856 5268 -
878 5221 915 5302 (3
933 5239 979 5300 p..
1034 5222 1146 5285 ordino
1160 5223 1247 5294 dari,
1262 5228 1298 5284 ut
1314 5241 1373 5304 por
1391 5223 1576 5304 imperfecta
1599 5219 1639 5284 ad
1654 5217 1827 5299 perlectio-

235 5312 341 5383 qeoest.
359 5299 533 5440 ⁷⁰⁵⁰rt'3'
605 5299 637 5374 2,
656 5308 684 5362 et
698 5299 734 5397 1ο,Ἳ
751 5300 823 5438 dis&
840 5301 869 5373 1,
882 5302 979 5381 qut,
1034 5317 1108 5362 nom
1130 5301 1436 5397 manuducerentur:
1460 5303 1499 5364 Et
1520 5299 1702 5394 idebUinter
1720 5297 1823 5376 legem

235 5382 580 5522 v
615 5387 692 5520 ,nt
706 5379 981 5552 landold
1033 5381 1328 5522 assianum
1351 5389 1463 5464 „n
1478 5382 1622 5462 vv
1641 5379 1745 5548 'oft

194 5540 251 5603 lex
262 5544 353 5604 vetus
369 5555 434 5600 non
451 5543 680 5601 convenienter
694 5537 789 5600 tumst
806 5537 880 5598 data
896 5543 982 5598 tenn-
1074 5537 1268 5618 adprlmnm
1281 5557 1317 5602 er
1367 5539 1536 5603 dicendum
1546 5535 1631 5616 qnbd
1641 5538 1826 5612 statrmpost

195 5635 274 5698 pore
291 5619 406 5700 Mopsi.
429 5617 496 5679 Lex
514 5618 602 5680 enirn
625 5621 714 5679 vetus
736 5617 925 5694 disponebat
941 5617 980 5678 ad
1033 5619 1311 5697 peccatumprimi·
1348 5619 1464 5682 ominis
1479 5629 1546 5678 non
1558 5613 1758 5694 competebat
1771 5611 1827 5672 le-

193 5698 345 5773 salutern,
359 5702 512 5776 quaerat
526 5695 701 5775 bitus-aper
713 5695 887 5767 Christum,
899 5695 981 5758 sieut
1034 5713 1105 5777 gem
1118 5701 1259 5760 veterem
1271 5697 1358 5774 dari,
1374 5703 1444 5761 tum
1464 5699 1544 5779 qnia
1566 5689 1709 5756 nonddm
1729 5689 1826 5754 borno

196 5776 376 5841 dictumest
389 5782 449 5841 art.
462 5777 483 5836 d
507 5777 601 5858 bajus
619 5793 675 5856 qu.
689 5773 749 5838 sed
763 5775 870 5839 statim
884 5775 980 5840 bomo
1033 5777 1283 5858 recognoscebat
1297 5795 1333 5840 se
1350 5775 1389 5840 ee
1403 5777 1558 5858 indigere,
1572 5773 1611 5840 do
1627 5772 1688 5840 sut
1701 5777 1828 5838 ratione
