4006 6344
216 251 269 310 m
381 207 385 216 ,

216 367 356 430 conlisus
366 387 375 442 ς
387 371 453 429 tum
467 363 545 445 quie
559 363 663 426 adbuc
678 363 835 426 dictamen
847 361 926 441 legis
943 377 1009 423 ne-·

216 449 297 508 turre
310 443 450 508 nondum
461 448 530 508 eret
544 445 787 508 obtenebratum
801 459 859 521 per
870 457 1009 503 consue-

216 525 360 588 tudinem
374 522 537 603 peccandi.

256 603 303 663 Ad
323 602 501 666 secundum
514 598 683 662 dicendum
695 598 781 678 qubd
798 599 853 660 lex
870 613 934 658 non
950 595 1009 658 de-

216 677 271 743 bet
287 682 364 744 deri
385 680 448 742 nisi
518 680 613 758 puio;
635 682 684 740 est
705 679 791 739 enirn
813 679 1007 756 preceptum

214 775 397 831 comumne,
412 763 448 820 ut
483 759 582 820 ictum
597 761 645 818 est
668 773 723 834 qn.
739 755 789 827 96,
804 760 864 817 art.
875 755 904 825 1,
920 753 959 816 ad
974 753 1004 812 u.

155 897 158 904 .
215 835 255 898 Ut
272 838 343 900 ideb
364 842 507 916 tempore
524 836 660 898 Abrebae
672 835 745 897 deta
765 839 841 895 snut
857 833 1005 924 quedem

214 913 387 980 familiaria
401 921 579 995 precepta,
596 918 628 975 ot
643 915 737 991 quasi
758 913 931 973 domestica
947 912 1005 971 Uer

212 993 257 1060 vttd
282 995 446 1067 bominem
474 993 529 1056 s'ed
555 989 757 1074 postmodum
786 988 1004 1067 multiplicatis

214 1073 284 1153 ejus
301 1074 450 1152 posteris,
467 1073 500 1132 in
515 1075 639 1148 tontum
652 1068 738 1148 quod
755 1070 892 1148 populus
907 1071 1002 1140 esset,

214 1159 246 1217 et
260 1153 402 1214 liberatis
420 1153 467 1213 eis
482 1149 502 1213 d
516 1151 686 1242 servitute,
708 1149 763 1210 lex
777 1147 1005 1239 convenienter

212 1231 678 1385 erubebescent
687 1225 1004 1384 99191999

213 1389 335 1465 'sophus
349 1387 424 1448 dicii
440 1387 474 1448 in
490 1385 627 1455 uestit,
641 1401 711 1461 eep.
726 1383 756 1454 3,
772 1379 793 1446 ri
809 1381 889 1444 med.

252 1467 299 1528 bd
330 1466 461 1528 tertium
482 1463 651 1526 dicendum
678 1461 763 1540 quod
791 1461 869 1540 quia
899 1461 1004 1539 legem

212 1549 380 1624 oportebat
393 1544 490 1608 elicui
513 1543 632 1620 populo
644 1541 730 1614 dari,
745 1557 810 1602 non
828 1534 932 1601 solium
956 1538 1003 1598 iiii

212 1642 253 1684 ex
268 1625 387 1702 quibus
396 1628 444 1686 est
454 1622 602 1685 Christus
617 1627 731 1692 notus,
747 1621 854 1698 legem
869 1635 1004 1694 accepe-

211 1704 298 1776 runt,
314 1703 367 1770 sed
377 1706 462 1764 totus
473 1701 610 1780 populns
624 1698 830 1776 consignatus
838 1696 1003 1776 signaculo

211 1781 481 1853 circumcisionis,
496 1796 569 1858 qum
591 1777 650 1838 init
666 1777 794 1856 signum
810 1775 1004 1852 promissio«-

211 1860 261 1921 nis
278 1860 415 1923 librabo
435 1859 542 1932 lecte,
563 1861 595 1918 ei
608 1858 649 1917 ab
666 1872 704 1918 eo
719 1855 863 1924 creditus,
881 1856 917 1915 ut
928 1852 1004 1913 dicit

211 1939 383 2016 Apostolus
398 1939 489 1998 llom.
504 1933 534 1997 b.
554 1936 594 1996 Et
610 1933 681 1995 ideo
695 1933 791 1994 etiam
810 1937 884 1992 onte
902 1931 1002 1994 David

211 2016 354 2096 oportuit
367 2018 470 2095 legem
484 2015 554 2077 dari
569 2013 625 2075 tuli
637 2012 757 2090 populo
771 2009 838 2090 jam
857 2011 1001 2071 collecto.

396 2143 403 2148 ·
448 2107 630 2210 ansno
648 2133 778 2198 xcix..

211 2213 450 2283 premereris
467 2231 599 2277 vernens
622 2230 722 2274 neers.
738 2246 776 2256 -
793 2207 803 2292 (
820 2211 862 2271 Iu
874 2228 929 2271 sex
943 2227 1003 2270 er-

470 2292 586 2359 tieules
598 2291 711 2354 diuise.
727 2289 736 2370 )

249 2393 369 2456 Deinde
383 2392 649 2456 considerandum
663 2395 712 2453 est
724 2391 938 2470 depraeceptis
949 2407 1002 2452 ve·

211 2472 286 2534 ieris
300 2475 328 2532 ie
352 2471 378 2533 is
390 2493 397 2544 ;
410 2476 441 2534 et
456 2471 558 2550 primb
571 2472 609 2532 de
623 2470 825 2532 distinctione
841 2471 1001 2547 ipsorum3

211 2491 351 2614 secundU
368 2551 406 2611 de
420 2551 554 2630 singuiis
569 2550 739 2629 generibus
753 2549 921 2610 distinctis.

250 2629 342 2693 Circa
370 2630 510 2708 primum
535 2632 725 2707 queruntur
748 2624 1003 2689 sex21⁰ntrirm

211 2707 289 2787 legis
304 2708 420 2771 veteris
443 2709 508 2770 sint
526 2709 618 2788 pluro
637 2712 807 2785 pracepta,
826 2706 878 2766 rei
901 2723 1002 2766 unum

211 2784 352 2860 innititur
367 2786 398 2848 2⁰
414 2783 523 2850 utrum
537 2786 589 2848 lex
609 2792 699 2846 vetos
717 2785 879 2846 contineat
893 2783 1003 2860 eliqua

211 2869 368 2944 precepta
382 2867 535 2939 morulie3
559 2865 590 2924 3*
604 2861 712 2925 utrdm
731 2869 843 2941 prester
869 2862 1003 2926 moralia

212 2945 374 3018 contineat
393 2943 646 3018 ceremonialia:
669 2941 700 3008 [ι’
714 2939 823 3004 utrum
842 2941 1003 3002 contineat

212 3028 327 3101 preter
354 3023 420 3087 bec
434 3023 616 3103 judicialim
632 3021 662 3082 5⁰
680 3019 787 3086 utrinn
807 3025 922 3098 preter
942 3019 1002 3081 iste

212 3101 273 3165 triu
286 3102 447 3164 continent
459 3103 569 3178 eliqua
581 3101 662 3172 ciin3
678 3099 708 3159 br
718 3099 756 3160 de
766 3099 860 3160 modo
874 3096 1004 3176 quoles

212 3179 383 3242 inducebat
397 3179 436 3240 ad
446 3180 685 3244 observantiam
695 3179 928 3274 predictorum.

212 3261 392 3320 Anrrcnnns
416 3275 545 3318 neruus.
568 3291 605 3301 -
631 3258 741 3322 Utmru
761 3257 796 3317 iu
821 3255 884 3333 iepe
908 3253 1003 3315 veteri

289 3335 487 3400 contineatur
506 3334 606 3396 settim
621 3353 719 3394 unum
727 3351 832 3416 prece
853 3341 928 3393 tum.

253 3415 298 3475 Ad
317 3414 456 3492 primum
470 3415 515 3476 sic
526 3413 717 3493 proceditur.
735 3415 764 3474 1.
778 3413 815 3472 Vi
839 3411 1003 3488 eiurqndd

212 3493 246 3556 in
261 3494 331 3572 lege
342 3493 443 3555 veteri
454 3510 518 3554 non
528 3492 907 3555 contineaturnisinnurn
919 3507 1005 3568 pree-

213 3575 350 3650 ceptum.
366 3571 431 3634 Lex
443 3571 529 3636 enim
550 3572 629 3632 nihii
641 3569 727 3632 eliud
742 3575 790 3630 est
804 3566 902 3648 quim
917 3586 1005 3646 proe-

213 3657 350 3728 ceptnm,
370 3655 404 3711 ut
418 3667 517 3728 supra
531 3651 675 3712 hobitum
691 3651 749 3721 est,
765 3666 820 3726 qu.
835 3649 891 3719 99,
908 3654 968 3709 nrt.
985 3647 1005 3706 2

213 3729 283 3792 eid.
299 3727 359 3790 Sed
374 3729 426 3792 iex
440 3733 588 3792 vetusest
598 3744 676 3790 nna.
691 3727 776 3807 Ergo
787 3743 850 3788 non
864 3727 1005 3788 continet

213 3809 275 3870 nisi
290 3825 391 3870 unum
400 3825 500 3885 prece
525 3812 602 3870 tum.

253 3887 283 3946 9.
307 3889 477 3958 Praetereo,
494 3827 667 3964 Upostoius
681 3883 756 3946 dicit
777 3886 866 3944 bom.
890 3884 942 3956 13,
958 3883 977 3943 9
994 3903 1002 3950 ε,

213 3965 251 4029 Si
264 3965 347 4046 pseud
360 3972 402 4024 est
418 3965 505 4028 atiud
518 3963 706 4031 mundatum.
722 3963 758 4024 iu
771 3961 828 4024 leuc
842 3961 934 4024 verbu
948 3963 1003 4023 in-

215 4051 378 4104 stauretur
392 4063 402 4102 .-
417 4066 432 4099 c
448 4043 519 4103 Diti
539 4062 568 4102 es
585 4042 766 4120 proximum
780 4049 867 4102 tuum
879 4041 960 4102 sicut
977 4049 1004 4100 te

215 4122 328 4200 ipsum.
347 4143 361 4176 u
378 4119 436 4182 Sed
450 4062 536 4182 istuU
547 4121 732 4182 mandatum
742 4125 790 4181 est
798 4120 1004 4197 unumErgo
1019 4158 1021 4164 ·

216 4201 271 4260 ier
285 4203 375 4261 retus
391 4216 457 4262 non
467 4200 607 4260 continet
621 4198 681 4260 nisi
696 4215 798 4260 unum
809 4197 1003 4259 mundatum.

256 4281 286 4340 3.
309 4281 477 4346 Preiereo,
492 4277 603 4340 blatth.
618 4276 649 4347 ’1,
666 4276 714 4346 19,
737 4276 852 4342 dieitur
868 4295 876 4334 ε
892 4274 1006 4336 Omnia

216 4375 411 4438 quercumque
425 4356 564 4418 uultisut
583 4355 701 4436 fuciunt
716 4353 802 4415 uoltis
814 4353 961 4418 borretum.
977 4361 1006 4413 et

217 4457 273 4497 cos
286 4436 380 4515 sorite
391 4435 456 4497 titis
466 4454 476 4502 ,·
489 4434 552 4496 boc
571 4440 615 4495 est
631 4433 710 4496 euim
723 4432 775 4492 teu
792 4443 820 4492 et
830 4431 1003 4511 propterte.

217 4515 275 4576 Sed
286 4518 361 4578 tote
375 4515 430 4575 lex
443 4518 535 4576 vetus
546 4513 729 4575 continetur
743 4511 775 4572 in
788 4512 857 4590 iege
873 4517 904 4572 ct
925 4528 1007 4588 pro-

217 4595 333 4672 pinetis.
348 4593 434 4672 Ergo
450 4593 504 4656 lex
524 4597 615 4654 retus
630 4608 696 4654 non
712 4591 809 4653 habet
828 4589 889 4651 nisi
905 4607 1006 4651 unum

216 4677 423 4751 preceptum.

257 4750 317 4812 Sed
331 4755 442 4812 contre
450 4748 590 4827 estquod
604 4747 777 4826 Apostolus
789 4746 864 4808 dicit
875 4746 915 4810 ad
924 4747 1004 4824 pr.

217 4824 249 4901 2,
265 4828 303 4890 15
318 4849 327 4886 z
344 4829 451 4907 Legem
462 4827 679 4888 mendatorum
693 4825 820 4886 decretis
835 4844 1007 4894 evacuans:

218 4904 1006 4986 elloquiturdelegereteri,utputetperGIossem

218 4984 379 5047 Ambrosii
405 4983 531 5046 ibidem.
541 4985 626 5064 Ergo
649 4983 703 5046 lex
718 4988 806 5046 uetus
820 4983 961 5045 continet
975 4983 1008 5046 iu

218 5083 253 5126 sn
265 5063 364 5125 muita
379 5061 539 5128 mundate.
870 5069 875 5080 “

259 5140 446 5238 despondeo
468 5139 635 5202 dicendum
652 5139 737 5218 quod
753 5141 945 5217 preceptum
960 5138 1009 5200 ie-

243 5220 280 5288 is,
295 5238 367 5282 cum
382 5219 424 5280 sit
439 5219 677 5298 obligatorium,
690 5223 738 5279 ost
752 5218 790 5278 de
803 5217 1008 5294 ntiquoquod

219 5241 288 5379 Ueri
304 5299 406 5361 debet.
422 5297 511 5372 Quod
526 5301 633 5358 eutem
650 5295 770 5373 aliquid
789 5297 902 5362 debent
922 5295 1007 5366 Ueri,

219 5379 281 5440 boe
310 5376 459 5456 provenit
482 5394 524 5437 ex
550 5375 738 5438 necessitate
763 5374 899 5454 niieuJus
923 5375 1007 5436 finis.

220 5458 308 5520 Unde
318 5455 577 5518 rrnaniiestumcst
588 5453 718 5532 qubdde
731 5453 1009 5546 rationeprocepti

220 5533 365 5614 estquod
380 5535 529 5613 importet
541 5533 683 5594 ordinem
692 5531 732 5594 cd
742 5531 848 5602 tinem,
862 5548 895 5592 tn
908 5549 1011 5609 qinon*

221 5621 289 5682 turn
303 5612 424 5676 scilieet
441 5612 517 5674 iliud
531 5611 713 5706 precipitur
729 5609 813 5688 quod
836 5617 884 5672 cst
902 5627 1011 5670 neces·

222 5693 354 5772 tiiibffb
369 5692 418 5752 rei
427 5691 598 5780 expediens
613 5690 651 5754 :tri
662 5689 768 5752 lencm.
779 5687 940 5768 Contingit
950 5703 1012 5749 eu·

674 247 802 306 sonitu
820 241 1048 305 rtruotootcdt
1069 241 1172 302 btttttt
1195 240 1376 303 secudum.

1800 250 1847 312 769

1061 361 1126 420 tens
1144 358 1183 421 nd
1206 376 1307 422 nuum
1323 358 1419 420 tinem
1443 359 1633 422 mutinense
1656 365 1845 441 necessarie,

1060 437 1111 499 vei
1129 437 1342 516 expedientia.
1351 438 1390 498 itt
1404 435 1577 500 secundum
1591 439 1653 502 boc
1665 449 1802 518 possunt
1812 447 1847 510 de

1060 515 1297 580 diversisrebus
1312 516 1381 578 deri
1395 515 1520 580 diversa
1532 519 1847 599 preceptu,inqnen·

1060 597 1128 654 tum
1143 595 1333 657 ordinentur
1347 594 1387 656 ed
1402 613 1503 656 unum
1519 595 1628 657 tinem.

1099 673 1186 736 Unde
1204 673 1370 735 dicendum
1393 677 1441 735 est
1460 673 1546 752 qubd
1564 673 1673 736 omnia
1693 685 1846 758 prreceptu

1058 748 1089 811 ie
1113 751 1137 810 's
1163 751 1276 813 veteris
1299 757 1374 813 sunt
1391 769 1494 812 unum
1513 751 1690 814 secundum
1707 755 1846 820 ordinem

1113 847 1217 890 unum
1231 829 1343 900 lineum
1354 835 1430 891 sunt
1440 834 1548 892 temen
1558 831 1658 892 mulin
1675 835 1846 898 secundum

1058 906 1275 970 diversitatem
1290 925 1401 970 eorum

1057 984 1155 1046 finem
1418 909 1848 988 queordinentnrudibum

1097 1065 1143 1124 Ad
1162 1063 1300 1143 primum
1320 1081 1398 1144 ergo
1412 1064 1580 1127 dicendum
1591 1065 1678 1145 qnbd
1692 1067 1748 1128 lex
1761 1074 1846 1132 retur
1960 1053 1961 1124 ἶ

1056 1140 1172 1205 dicitur
1185 1161 1255 1204 esse
1265 1159 1331 1205 una
1349 1140 1522 1206 secundum
1536 1144 1682 1206 ordinem
1698 1145 1739 1208 ad
1756 1146 1846 1210 finem
1960 1147 1961 1204 i

1056 1222 1848 1303 unum3ettemeneontinetdirerseprseceptase·
1960 1243 1961 1288 3

1056 1297 1196 1360 cundbm
1208 1300 1442 1362 distinctionem
1457 1302 1848 1439 eorumgureordincntur
1960 1353 1961 1370 .

1055 1378 1095 1438 nd
1108 1377 1222 1448 tinem;
1245 1378 1327 1438 sicut
1340 1379 1436 1440 etiam
1449 1395 1503 1441 ers
1521 1379 1578 1441 redi
1603 1381 1710 1442 cetina
1723 1386 1844 1446 estune

1056 1455 1232 1517 secundrlm
1241 1456 1397 1517 unitatem
1413 1456 1498 1530 tinis,
1511 1459 1589 1535 quie
1604 1459 1707 1520 tendit
1722 1460 1763 1522 ad
1777 1461 1848 1521 mdi-
1960 1487 1961 1534 p

1055 1534 1237 1596 ficationem
1265 1533 1395 1604 demisse
1424 1539 1530 1596 tamen
1554 1538 1700 1598 continet
1726 1537 1846 1601 diversa
1960 1535 1961 1602 ἶ

1055 1618 1212 1692 precepta
1237 1609 1414 1675 seeundum
1438 1613 1583 1676 diuersos
1608 1621 1702 1676 actus
1723 1617 1764 1678 ed
1789 1618 1846 1678 boc
1960 1611 1961 1668 l

1055 1691 1229 1754 ordinatos.

1095 1770 1141 1831 nd
1163 1769 1339 1830 secundum
1356 1769 1524 1831 dicendum
1564 1770 1638 1842 udd,
1661 1772 1750 1834 sicui
1763 1775 1846 1852 Apo-

1057 1848 1254 1919 stolusdicit‚
1271 1847 1341 1909 iud
1359 1849 1496 1910 Timotb.
1512 1850 1541 1921 1,
1582 1894 1591 1922 ,
1613 1851 1688 1930 linis
1701 1853 1847 1930 precepti
1960 1833 1961 1872 l

1056 1927 1191 1987 ebaritas
1206 1925 1324 1992 estred
1338 1926 1400 1987 boc
1413 1928 1499 1988 enim
1513 1929 1617 1989 omnis
1630 1928 1683 1989 iex
1702 1931 1801 1990 tendit
1815 1937 1846 1991 nt
1960 1975 1961 2006 ,

1055 2005 1228 2067 amicitiem
1243 2005 1416 2066 constituet
1438 2007 1487 2067 rel
1507 2006 1675 2067 bominum
1700 2009 1741 2069 nd
1765 2008 1846 2070 invi·
1960 2015 1961 2046 i

1055 2102 1135 2156 cem,
1154 2084 1203 2144 rel
1217 2083 1353 2144 bominis
1369 2083 1536 2162 edDeum.
1557 2085 1596 2146 Et
1615 2084 1687 2148 ided
1711 2089 1778 2148 iota
1796 2087 1845 2148 les

1056 2163 1206 2240 impietur
1216 2163 1226 2222 i
1231 2180 1250 2222 n
1262 2162 1322 2222 boe
1332 2178 1399 2222 uno
1413 2163 1586 2224 mandato:
1603 2163 1846 2244 Utitpespreui-

1054 2259 1136 2301 mum
1152 2249 1239 2301 tuum
1257 2239 1340 2300 sicut
1363 2249 1392 2300 te
1412 2239 1522 2319 ipsum,
1548 2242 1631 2302 sicut
1651 2243 1686 2302 in
1711 2243 1845 2321 quodam

1054 2317 1117 2380 tine
1132 2319 1355 2380 mendatorum
1368 2319 1522 2380 omnium.
1534 2320 1571 2380 in
1582 2319 1755 2382 dilectione
1766 2321 1844 2383 enirn

1054 2399 1193 2477 proximi
1209 2395 1382 2458 includitur
1394 2395 1490 2458 etiem
1498 2398 1556 2458 Dei
1566 2398 1705 2470 dilectio,
1721 2400 1845 2476 qnando

1054 2477 1222 2556 proximus
1237 2475 1380 2555 diligitur
1392 2481 1523 2554 propter
1533 2477 1647 2538 Deum.
1664 2477 1755 2538 Unde
1766 2479 1843 2556 Apo·

1055 2556 1157 2618 stolus
1173 2557 1235 2616 boc
1248 2572 1349 2615 unum
1364 2560 1558 2633 preceptum
1569 2554 1679 2632 posuit
1697 2573 1759 2633 pro
1772 2556 1845 2616 dno·

1055 2637 1126 2705 bus,
1141 2651 1213 2712 qno
1230 2637 1305 2694 sunt
1317 2633 1355 2694 de
1364 2632 1597 2695 dilectioneUei
1608 2638 1639 2694 et
1648 2633 1844 2712 proximi,de

1074 2713 1173 2774 uibus
1199 2712 1274 2773 dicit
1293 2712 1448 2772 Dominus
1469 2713 1582 2774 liuttb.
1596 2712 1647 2784 22,
1665 2711 1706 2772 to
1722 2735 1730 2772 ε
1746 2711 1787 2773 In
1800 2711 1843 2773 itis

1055 2731 1176 2852 Uesulus
1187 2790 1342 2851 mundetis
1356 2790 1469 2869 pendet
1479 2791 1578 2853 omnis
1585 2789 1636 2850 lec
1642 2799 1671 2851 et
1677 2789 1842 2883 prophete.

1095 2869 1141 2930 Ad
1156 2869 1283 2931 tertium
1295 2868 1463 2930 dicendum
1476 2868 1574 2948 quod,
1589 2871 1674 2932 sicut
1687 2870 1802 2931 dicitur
1813 2871 1842 2930 in

1056 2948 1094 3008 to
1113 2948 1230 3020 Etbic.,
1248 2964 1318 3025 cap.
1336 2945 1367 3015 8,
1383 2945 1499 3024 pcrdm
1511 2945 1531 3010 d
1543 2946 1844 3026 princip.,umt'eobi·

1056 3026 1100 3087 iio
1115 3044 1182 3106 que
1195 3033 1269 3086 suut
1284 3023 1474 3093 adulterum,
1489 3035 1638 3088 uenerunt
1651 3045 1692 3087 eu
1700 3025 1844 3087 amicabi-

1055 3105 1138 3166 libus
1155 3123 1221 3184 que
1234 3113 1308 3164 suut
1322 3103 1444 3166 bomini
1455 3103 1496 3166 cd
1516 3123 1547 3166 se
1562 3105 1674 3184 ipsum,
1691 3103 1769 3166 ddm
1783 3105 1843 3166 sci-
1960 3149 1961 3204 ,

1055 3185 1128 3245 iicet
1138 3183 1233 3244 borno
1248 3182 1292 3244 ita
1306 3200 1340 3243 se
1354 3181 1497 3244 babetad
1512 3183 1789 3245 aiterumsicutnd
1799 3201 1841 3243 se.

1054 3262 1094 3322 Et
1110 3261 1180 3322 ideb
1198 3262 1230 3320 in
1248 3260 1309 3322 boc
1322 3260 1407 3337 quod
1424 3261 1683 3326 dicitursomta
1698 3277 1842 3342 praecum
1960 3295 1961 3308 .

1055 3359 1112 3420 que
1125 3339 1221 3400 outtt'e
1232 3344 1268 3400 ut
1280 3339 1400 3419 [celent
1412 3338 1500 3400 vobis
1515 3339 1670 3406 dominer,
1686 3349 1714 3400 et
1727 3357 1781 3400 cor
1793 3339 1812 3418 s
1822 3371 1843 3389 ··

1058 3419 1115 3480 rite
1128 3417 1204 3484 iltis,
1220 3418 1400 3494 explicetur
1416 3419 1562 3496 quedem
1576 3419 1691 3498 regule
1703 3418 1843 3479 dilectio·
1960 3411 1961 3434 ¹

1056 3498 1105 3558 nis
1120 3496 1272 3575 proximi,
1294 3511 1367 3572 que
1381 3495 1477 3558 etiarn
1495 3496 1646 3575 implicite
1665 3497 1842 3562 continetur

1055 3575 1088 3635 n
1103 3576 1163 3636 noc
1186 3573 1273 3651 quor
1296 3572 1411 3636 erotem
1435 3573 1547 3636 nstin.
1571 3575 1621 3648 ts,
1645 3575 1709 3635 re:
1729 3566 1842 3652 usurpes
1960 3551 1961 3590 ¹

1054 3653 1234 3732 proximum
1243 3659 1330 3712 tuum
1341 3651 1460 3714 sicutte
1470 3652 1590 3731 ipsum:
1603 3654 1688 3714 unde
1700 3657 1752 3714 est
1764 3669 1842 3730 qure-

1056 3732 1129 3793 dem
1143 3729 1316 3808 explicatio
1331 3731 1424 3792 istius
1442 3730 1594 3793 mandeti.

1056 3810 1236 3871 Anrrcunns
1260 3825 1295 3868 n.
1312 3806 1474 3870 -Utrtim
1503 3809 1555 3872 icc
1578 3817 1665 3871 uetus
1691 3809 1842 3870 coutimet

1095 3894 1249 4026 §recepta
1261 3888 1405 3976 morelio.
1419 3921 1457 3932 -
1468 3885 1572 3968 (Sep,
1593 3895 1699 3966 quest.
1712 3887 1770 3959 98,
1784 3893 1839 3945 ert.

1098 3983 1243 4114 stit
1259 3963 1840 4122 zitti‘ttbtbfbtsti,“ll

1098 4122 1144 4188 Ad
1168 4121 1343 4186 secundum
1366 4121 1412 4183 sic
1437 4122 1630 4200 proceditur.
1660 4123 1689 4182 1.
1714 4121 1841 4183 Videtur

1057 4201 1142 4279 quod
1153 4201 1204 4262 iex
1220 4207 1308 4261 vetus
1323 4216 1388 4259 non
1403 4201 1564 4262 contineat
1575 4205 1734 4278 prcecepte
1746 4213 1841 4260 morn-

1057 4281 1113 4344 lin.
1128 4279 1196 4340 Lex
1212 4278 1297 4339 enim
1312 4282 1400 4338 uetus
1412 4278 1619 4358 distinguitur
1632 4277 1652 4341 ri
1664 4279 1735 4357 tege
1748 4280 1841 4338 natu·
1960 4351 1961 4358 ἵ

1057 4375 1112 4429 rae,
1124 4361 1160 4419 ut
1172 4372 1271 4494 sugere
1283 4355 1428 4418 habitum
1440 4361 1499 4430 est,
1515 4360 1628 4434 qucest.
1641 4357 1692 4428 91,
1703 4361 1765 4418 nrt.
1775 4353 1803 4429 b,
1814 4357 1839 4414 ei
1960 4361 1961 4366 ’

1058 4440 1170 4529 quest.
1184 4436 1205 4495 9
1228 4478 1236 4506 ,
1254 4438 1315 4496 art.
1331 4433 1361 4494 5.
1377 4435 1436 4495 Sed
1450 4440 1606 4514 precepta
1626 4437 1840 4512 moraliaper·
1960 4453 1961 4492 r

1058 4518 1161 4576 tment
1174 4512 1214 4576 ed
1227 4514 1330 4591 legem
1345 4518 1479 4575 neturce.
1500 4513 1586 4594 Ergo
1603 4529 1668 4574 non
1689 4512 1840 4592 pertinent

1058 4592 1099 4656 ad
1108 4594 1210 4671 legem
1225 4596 1375 4657 veterem.

1097 4671 1128 4730 2.
1151 4669 1382 4742 proterendi
1401 4669 1573 4732 subvenire
1596 4669 1707 4733 debuit
1728 4665 1841 4732 homini

1058 4750 1112 4813 lex
1140 4749 1259 4821 divina,
1281 4747 1336 4814 nbi
1360 4747 1465 4809 deficit
1484 4749 1568 4810 ratio
1592 4749 1746 4820 bumana,
1768 4746 1840 4810 sicui

1059 4832 1146 4906 putet
1157 4829 1190 4887 in
1201 4827 1250 4888 bis
1267 4842 1340 4903 queo
1350 4825 1389 4886 ed
1402 4825 1495 4886 iidem
1509 4826 1680 4903 pertinent,
1696 4827 1840 4904 querunt

1060 4923 1158 4983 supra
1173 4905 1342 4966 rationem.
1358 4903 1417 4964 Sed
1432 4903 1472 4966 ed
1486 4921 1588 4981 prece
1612 4909 1644 4967 tn
1653 4903 1786 4966 moralia
1796 4917 1840 4962 re·

1059 4985 1105 5045 tio
1119 4983 1257 5044 bominis
1275 4982 1422 5043 sufficere
1434 4982 1571 5044 videtur.
1590 4923 1675 5061 Urgo
1691 4983 1838 5060 prreceptu
1960 5027 1961 5050 ,

1060 5062 1196 5200 gregalia
1207 5076 1271 5123 non
1286 5060 1409 5122 suntde
1426 5061 1496 5129 lece
1510 5062 1631 5136 reteri,
1649 5077 1723 5139 quse
1736 5061 1783 5122 est
1794 5059 1837 5118 ier

1082 5157 1180 5210 terna.

1100 5219 1129 5282 3.
1152 5219 1319 5288 Prummu,
1334 5217 1389 5277 lex
1402 5222 1493 5283 retus
1504 5217 1620 5285 dicitnr
1636 5217 1742 5279 littero
1760 5229 1839 5276 ccct-

1062 5297 1146 5366 dens,
1161 5302 1198 5358 ut
1213 5298 1299 5374 patet
1314 5297 1330 5356 1
1344 5295 1384 5356 ud
1398 5294 1542 5357 Corinth.
1558 5295 1588 5365 3.
1613 5295 1673 5357 Sed
1697 5294 1840 5375 precepit

1062 5376 1197 5437 morelio
1211 5393 1276 5435 nun
1291 5373 1451 5446 occidunt,
1468 5375 1521 5438 sed
1537 5373 1710 5447 vivificent,
1733 5385 1838 5435 secute,

1062 5453 1138 5516 ‹ibm
1160 5453 1238 5514 iliud
1252 5453 1367 5522 Psuim.
1389 5452 1459 5526 118,
1483 5453 1605 5516 93:122
1619 5461 1765 5516 eternum
1783 5459 1838 5536 nott
1960 5487 1961 5516 ι

1064 5529 1840 5613 obliuiscerjustt'ficute'ouestues,qur‘ot'ut'ptt'tvt·
1960 5589 1961 5592 ,

1064 5611 1197 5704 otpertsti
1213 5627 1270 5670 me.
1291 5609 1684 5750 Ergogrrreoepiemoreiie
1700 5623 1764 5672 non
1776 5617 1840 5684 por·

1065 5687 1219 5752 irneniad
1236 5694 1371 5750 reterens
1398 5707 1500 5768 egem.
1531 5729 1533 5734 -
1568 5753 1570 5758 ,
