4080 6354
153 371 189 434 η
611 358 740 420 adnue*
758 353 983 416 rttddtodtdat
1001 352 1107 412 Putat
1125 351 1309 412 SECUNDA.
1752 362 1786 418 ῃ

194 482 242 547 Ad
256 481 387 546 tertium
403 475 570 544 dloendum
585 473 670 556 qudd
685 473 763 536 illud
778 472 864 553 quod
879 488 944 534 non
1000 472 1131 547 propter
1143 467 1261 547 seipsa,
1275 465 1331 534 sed
1345 483 1385 532 ex
1401 465 1512 530 ordine
1526 485 1564 532 ao
1578 468 1690 545 linem
1704 473 1788 538 unde

153 567 206 626 eet
218 581 276 626 ens
290 563 323 623 in
335 577 445 622 rerum
457 555 594 628 natura,
618 554 775 648 accipitur
790 557 826 614 ut
839 569 896 613 cus
911 550 945 612 in
999 548 1148 609 voluntas
1160 546 1192 607 in
1203 564 1315 608 eanon
1325 545 1436 619 lentur,
1446 546 1506 610 nisi
1518 549 1678 626 quatenus
1688 550 1789 614 lectur

153 641 298 715 ratione;
313 639 398 702 unde
411 637 598 716 negationes
609 641 641 696 ct
653 633 848 714 privationes
859 631 945 693 entia
997 625 1031 686 in
1044 625 1157 696 fincmt
1175 626 1260 688 unde
1273 627 1334 687 hoo
1347 626 1451 704 ipsum
1463 628 1548 704 qnod
1561 631 1591 688 in
1604 628 1651 690 eis
1663 631 1732 691 vult
1741 635 1794 700 etl

153 720 307 782 dicuntur
327 717 478 788 rationis3
503 731 673 794 perquem
697 713 792 774 etiam
816 709 945 772 modurn
998 703 1088 776 linis3
1110 705 1194 766 sicut
1211 710 1243 765 et
1265 705 1443 784 intelligere
1464 705 1592 784 proprie
1611 713 1660 768 ost
1675 727 1788 772 eorum

155 799 281 872 lutura,
306 802 402 878 prout
421 793 723 874 apprehenduntur,
748 795 823 852 sunt
846 789 943 852 entia.
998 801 1072 862 qum
1082 779 1303 846 secunddmsc
1314 791 1563 862 cognoscuntur,
1574 787 1790 866 scilicetprin·

64 873 70 879 ’
155 877 193 940 ln
229 869 946 956 uantumigitursuntlrujusmodicntin,ap·
998 863 1171 940 cipiorumt
1197 879 1308 924 eorum
1327 868 1435 924 aulem
1458 881 1531 940 ‘111ae
1550 871 1790 944 &Ogssoscudtur

179 896 398 1018 alternentur
419 955 480 1016 sut
503 951 627 1014 ratione
651 951 743 1023 donn
765 949 861 1011 etsie
882 963 947 1008 ro-
998 941 1244 1020 perprtnctptn
1260 959 1324 1002 non
1347 941 1463 1004 dicitur
1477 960 1547 1004 esse
1563 943 1789 1024 intelligentia,

153 973 264 1098 fontan
277 1035 308 1098 iu
323 1051 363 1097 eu
375 1033 486 1096 tendit.
502 1031 589 1094 Unde
599 1029 810 1107 Philosophus
823 1027 899 1088 dicit
912 1026 945 1085 in
998 1019 1060 1081 nisi
1074 1021 1273 1098 inquantum
1287 1021 1320 1082 in
1330 1021 1375 1082 eis
1390 1021 1459 1098 ipsa
1472 1021 1631 1100 principia
1645 1024 1790 1086 conside·

153 1113 270 1187 anon,
281 1131 317 1176 ca
344 1113 393 1186 .1,
405 1109 425 1176 a
435 1109 645 1192 princ.,qudd
655 1105 846 1170 concremato
858 1104 946 1168 laudet
998 1106 1123 1160 rantur.
1140 1098 1191 1160 Sic
1205 1100 1291 1160 enim
1305 1118 1340 1161 se
1354 1100 1450 1160 habet
1465 1099 1537 1162 linis
1551 1100 1584 1160 in
1601 1103 1814 1180 appetibili-w

153 1193 307 1256 rationem
320 1131 405 1255 8025,
999 1177 1071 1250 bus,
1086 1178 1167 1270 sicut
1177 1196 1211 1269 se
1225 1177 1321 1270 habet
1333 1177 1526 1270 principium
1538 1179 1570 1238 in
1581 1179 1790 1260 intelligibili·

153 1313 336 1407 mim
356 1327 438 1405 2.·-
453 1306 566 1372 titrdm
585 1305 732 1370 ”dulim
754 1306 797 1367 ⁸¹²
825 1302 947 1366 “mill'‘
999 1256 1332 1415 blfipssffiffi‘glgg
1345 1256 1622 1414 fffflssss‘lucsspafiao
1636 1337 1789 1400 curioso-

153 1480 157 1489 .
193 1393 284 1476 Μ’
304 1409 346 1452 “¹¹
359 1399 449 1453 ‘nam
460 1405 564 1450 ‘mm
574 1405 644 1526 ἕω
657 1394 730 1446 'um
746 1385 786 1446 “d
800 1386 946 1466 fim'*
999 1413 1082 1492 plius
1099 1414 1242 1492 loquitur
1261 1414 1299 1475 de
1316 1415 1482 1478 voluntate
1504 1412 1680 1478 secundum
1703 1417 1790 1496 quod

153 1525 155 1530 ·
197 1467 557 1584 (Vir-lumfflran·
596 1465 725 1581 ’affl
845 1565 852 1580 ς
998 1491 1128 1584 proprie
1153 1493 1298 1554 nominat
1317 1493 1492 1572 simplicem
1512 1499 1618 1556 actum
1640 1495 1793 1560 volunta-

195 1571 243 1634 ad
266 1569 442 1633 secundum
465 1586 512 1631 sre
534 1567 730 1662 proceditur.
759 1567 788 1627 l.
815 1563 948 1626 Vrdclur
1000 1576 1059 1645 trs,
1080 1589 1144 1632 non
1160 1569 1456 1634 autemseconddm
1469 1571 1555 1652 qudd
1568 1573 1714 1638 nominat
1727 1591 1793 1654 po-

202 1647 241 1712 dd
262 1650 410 1712 voluntas
430 1664 496 1709 non
518 1652 560 1709 stt
580 1663 693 1708 eornm
719 1662 790 1724 qnae
813 1644 947 1706 suntad
999 1650 1144 1712 tentiam.

178 1729 327 1802 nem,sed
350 1723 473 1790 tantum
492 1725 577 1788 linis.
598 1725 681 1786 llicit
698 1724 783 1785 enim
804 1723 947 1785 Philoso·
1039 1729 1087 1790 nd
1102 1728 1278 1792 secundum
1301 1727 1470 1791 dicendum
1491 1729 1576 1808 qudd
1597 1730 1637 1794 ad
1658 1747 1698 1794 oa
1720 1749 1794 1811 qno

154 1807 257 1892 pirus,
276 1808 309 1869 ln
326 1807 346 1868 3
362 1806 477 1876 Ethio,
496 1821 567 1884 cap·
585 1803 616 1874 22
635 1803 721 1882 dudd
738 1803 886 1866 voluntat
904 1808 947 1862 eat
999 1812 1075 1870 sunt
1084 1806 1210 1870 diversa
1219 1825 1347 1886 genere,
1359 1825 1400 1869 ex
1410 1825 1503 1886 equo
1514 1827 1548 1870 se
1561 1809 1724 1884 habentia,
1736 1826 1794 1874 or-

154 1887 238 1969 tint's,
256 1885 362 1948 electio
383 1894 485 1946 antem
499 1901 604 1946 corum
619 1899 687 1962 qnoe
701 1890 775 1942 sunt
790 1881 830 1944 od
844 1883 945 1962 finem.
999 1885 1152 1948 dinantur
1171 1886 1304 1949 diversae
1330 1889 1496 1965 potentin,
1523 1886 1607 1949 elcut
1632 1905 1731 1951 sonus
1761 1895 1807 1956 el.

194 1965 225 2026 2.
235 1967 403 2036 ureteras,
414 1963 453 2028 ad
464 1979 586 2041 eaque
596 1961 806 2023 suntdlversa
816 1979 945 2040 genere,
999 1965 1089 2028 color
1115 1969 1192 2027 sunt
1216 1965 1345 2028 diversa
1375 1983 1494 2045 genera
1507 1966 1725 2039 sensibilium,
1752 1967 1793 2030 ad

154 2043 289 2108 divorsa
324 2042 452 2106 otentiae
468 2043 583 2104 anime
600 2040 805 2112 ordinantur,
821 2046 858 2102 ut
871 2038 948 2102 dici·
999 2060 1072 2122 qum
1097 2045 1289 2106 ordinantur
1303 2043 1432 2107 auditus
1453 2049 1487 2106 et
1507 2045 1608 2108 visus.
1627 2045 1689 2108 Sed
1715 2047 1794 2108 utile

154 2127 209 2185 tur
221 2124 253 2186 in
268 2124 287 2185 6
301 2063 417 2196 flente,
431 2139 501 2199 cap.
521 2122 555 2194 t,
571 2119 591 2183 d
605 2120 687 2212 med.
702 2117 761 2212 Sed
776 2118 849 2180 finis
863 2123 894 2180 et
909 2135 947 2182 ea
999 2129 1032 2184 et
1044 2122 1278 2184 honestumnon
1292 2142 1334 2185 ex
1348 2139 1488 2201 aquoso
1503 2124 1633 2197 habent,
1646 2124 1701 2186 sed
1711 2125 1795 2186 sicut

154 2220 228 2280 quoe
251 2206 327 2264 sunt
349 2201 390 2266 ad
411 2201 507 2262 tinem
532 2203 608 2263 sunt
628 2216 661 2259 ιιι
682 2198 810 2260 diverso
830 2215 947 2278 genere
1023 2202 1086 2263 uod
1103 2207 1152 2263 est
1165 2201 1391 2270 secunddmse,
1412 2207 1445 2264 et
1464 2201 1631 2264 recunddm
1650 2203 1792 2265 ottonom.

154 2281 249 2353 boni3
264 2298 340 2343 nam
351 2281 437 2352 linis,
453 2279 509 2357 qui
523 2283 572 2341 est
585 2281 706 2340 bonum
716 2277 886 2338 honestum
898 2276 948 2369 vol
999 2219 1190 2360 fflujusmodi
1202 2286 1309 2343 autem
1324 2299 1450 2359 semper
1462 2280 1695 2342 referunturad
1705 2299 1794 2345 earn-

154 2359 353 2431 delectabile,
365 2360 456 2422 estin
488 2356 948 2436 enerequalitatis‚velactro·
999 2358 1072 2420 dem
1087 2359 1379 2438 potentiam3sicut
1415 2377 1451 2421 er
1464 2361 1642 2438 potentiam
1657 2361 1794 2424 visivam

154 2377 725 2526 nisautpassionimffionumautem,
759 2433 949 2525 uocldicitnr
1001 2439 1138 2501 sentitur
1159 2443 1191 2502 et
1211 2440 1318 2515 color,
1343 2443 1375 2500 et
1393 2377 1472 2514 Yux,
1496 2457 1555 2518 per
1583 2453 1682 2518 quam
1705 2441 1795 2503 color

155 2517 249 2588 utile,
266 2516 352 2595 quod
367 2520 416 2576 est
429 2515 468 2576 ad
486 2514 594 2585 linem,
608 2519 657 2575 est
671 2531 704 2573 ιιι
767 2512 898 2592 alequid,
913 2516 950 2574 ut
1002 2516 1139 2580 videtur.

156 2593 273 2660 dicitur
284 2595 317 2655 in
335 2593 532 2670 lEtll.,cap.
546 2591 576 2652 6.
588 2592 684 2670 Ergo,
698 2591 723 2652 si
739 2591 949 2653 voluntasest
1041 2595 1089 2655 Ad
1109 2595 1239 2658 tertium
1261 2594 1430 2657 dicendum
1449 2595 1535 2675 qudd
1559 2613 1624 2659 nou
1638 2595 1796 2674 quidquid

156 2671 242 2746 linis,
260 2690 324 2734 nou
339 2672 400 2735 erit
414 2689 527 2732 eorum
541 2687 614 2750 qum
628 2669 754 2731 suntad
767 2660 874 2730 linem.
1001 2670 1194 2735 diversificat
1208 2673 1369 2746 habitum,
1392 2674 1584 2737 diversiticat
1604 2676 1792 2754 potentiam.

195 2751 226 2812 a.
243 2753 416 2822 Praeterea,
435 2749 563 2812 habitus
581 2749 869 2828 proportionantur
885 2764 951 2826 po-
1001 2751 1138 2814 Habitus
1152 2751 1239 2814 enim
1254 2757 1331 2813 sunt
1346 2753 1492 2829 quodam
1514 2753 1795 2816 determinationes

156 2830 284 2904 tentiis,
301 2826 374 2892 curn
390 2829 457 2890 sint
470 2845 583 2890 earum
602 2827 824 2905 perfectiones.
841 2826 900 2888 Sed
915 2827 950 2888 in
1001 2832 1220 2910 potentiarum
1240 2831 1279 2893 ad
1301 2831 1428 2909 aliquos
1454 2832 1609 2910 speciales
1633 2838 1735 2894 actus.
1757 2834 1797 2894 Et

157 2909 338 2980 habitibus,
361 2907 416 2986 qui
438 2907 688 2969 dicunturartes
706 2905 893 2983 operativa,
910 2905 951 2968 ad
1001 2914 1110 2970 tamen
1133 2910 1284 2988 quaelibet
1300 2926 1353 2970 ars
1368 2911 1534 2988 operativa
1557 2911 1740 2973 considerat
1765 2917 1797 2973 ct

157 2988 246 3050 aliud
260 2987 397 3066 pertinet
413 2985 502 3058 linis,
524 2989 556 3047 et
575 2984 615 3046 ad
633 2983 718 3045 aliud
738 2983 824 3062 quod
842 2988 889 3045 cst
909 2984 950 3046 ad
1001 2987 1109 3056 linem.
1125 2994 1158 3055 et
1172 2988 1202 3050 id
1219 2988 1305 3066 quod
1320 2989 1421 3050 estad
1437 2989 1549 3061 tinemr
1567 3007 1642 3052 narn
1660 3007 1713 3051 ars
1731 3007 1798 3070 gu-

157 3065 270 3140 finem3
288 3068 372 3128 sicut
385 3064 424 3128 ad
437 3063 704 3158 gubernationem
721 3061 859 3140 pertinet
870 3080 949 3126 usus
1003 3068 1169 3138 bernativa
1191 3067 1373 3129 considerat
1391 3067 1522 3147 quidem
1541 3068 1635 3129 tinem
1651 3073 1797 3147 utquam

157 3145 330 3224 navis,qui
342 3150 390 3206 est
402 3144 474 3206 tlnrs
487 3143 625 3224 ojusrad
637 3141 861 3204 naviiactivam
873 3140 950 3204 verd
1002 3151 1172 3225 operatum
1200 3145 1366 3208 id'antrm
1392 3146 1477 3224 quod
1498 3151 1547 3208 est
1569 3147 1608 3208 ad
1632 3147 1739 3220 finem,
1762 3153 1799 3210 ut

157 3223 354 3288 constructio
378 3222 489 3295 navio,
515 3239 589 3301 que
610 3225 660 3283 est
682 3225 813 3298 propter
841 3220 949 3281 linem.
1003 3225 1089 3302 qnod
1103 3223 1285 3303 imperatrd
1300 3225 1799 3288 contraverdnaviiactivacon-

157 3300 256 3383 Ergo,
272 3301 344 3364 crim
361 3303 511 3364 voluntas
527 3301 568 3363 sil
581 3299 668 3375 finis,
684 3316 749 3360 uon
764 3301 825 3360 erit
839 3316 952 3361 eorum
1003 3303 1123 3364 sidorat
1136 3303 1166 3362 id
1181 3303 1268 3380 quod
1283 3309 1331 3364 est
1347 3303 1386 3364 ad
1402 3303 1514 3378 linem,
1532 3309 1568 3366 ut
1584 3305 1669 3384 quod
1684 3322 1799 3384 opera-

159 3386 318 3462 quaesunt
332 3379 491 3445 adfinem.
1004 3386 1073 3454 tur3
1088 3382 1118 3443 id
1131 3381 1206 3444 ιιι-ὸ
1221 3381 1307 3461 quod
1322 3385 1370 3444 est
1384 3382 1469 3456 linis,
1480 3389 1517 3444 ut
1526 3383 1565 3444 ad
1575 3383 1661 3462 quod
1671 3385 1800 3450 ordinat

198 3461 257 3524 Sed
269 3457 565 3537 contraestquiain
575 3459 672 3520 rebus
683 3457 884 3519 naturalibus
887 3475 953 3596 por
1004 3459 1036 3522 id
1057 3461 1143 3540 quod
1162 3465 1325 3540 operatur.
1349 3461 1389 3522 Et
1409 3459 1526 3524 iterium
1543 3461 1576 3522 in
1600 3461 1799 3541 unaquaque

158 3540 302 3604 eamdem
317 3539 494 3619 potentiam
508 3536 629 3616 aliquid
648 3537 822 3616 pertransit
834 3554 885 3598 me
908 3537 951 3610 ia,
1004 3545 1073 3602 orte
1091 3538 1256 3618 operativa
1269 3545 1318 3602 cst
1331 3545 1362 3601 et
1377 3540 1495 3619 aliquis
1508 3539 1580 3602 finis
1591 3542 1754 3620 proprius,
1767 3545 1799 3604 et

159 3624 191 3682 et
205 3619 358 3698 pertingit
371 3619 410 3680 ad
425 3617 609 3679 terminum.
621 3615 681 3678 Sed
689 3633 809 3693 eaquae
823 3619 898 3677 sunt
912 3615 952 3677 ad
1005 3619 1127 3698 aliquid
1140 3618 1226 3696 quod
1241 3622 1290 3680 est
1307 3618 1347 3680 ad
1362 3617 1476 3693 finem,
1496 3619 1583 3698 quod
1608 3619 1736 3698 proprie
1760 3619 1800 3682 ad

159 3697 274 3774 finem,
290 3701 366 3759 sunt
379 3696 526 3775 quadam
545 3695 668 3768 media,
684 3713 742 3787 per
756 3711 829 3776 quta
843 3712 954 3772 perve·
1005 3698 1094 3759 illam
1112 3703 1213 3760 artem
1231 3697 1380 3776 pertinet.

159 3779 250 3839 nitur
268 3777 309 3840 ad
326 3775 422 3838 linem
441 3775 525 3837 sicut
543 3773 583 3836 ad
602 3779 786 3835 termrnom.
804 3773 905 3852 Ergo,
926 3773 951 3834 si
1007 3779 1186 3838 Anrrcucus
1206 3775 1423 3838 rin-Utrum
1440 3775 1587 3838 noluntas
1610 3774 1713 3836 eodem
1728 3782 1802 3836 octe

161 3857 312 3918 voluntas
328 3858 376 3917 'est
390 3854 480 3930 finis,
496 3854 568 3934 ipsa
582 3855 679 3914 etlam
693 3857 746 3936 est
756 3869 868 3914 eorum
881 3869 954 3932 quae
1045 3855 1247 3916 nrooooturin
1258 3857 1358 3934 finem,
1370 3862 1397 3913 et
1407 3854 1442 3916 t'n
1454 3854 1489 3915 td
1498 3853 1581 3934 qnod
1594 3863 1637 3915 eet
1647 3853 1688 3914 od
1696 3856 1799 3954 fineen.

160 3940 239 3999 eunt
253 3935 292 3998 ad
307 3934 416 3996 llnern.
901 3995 904 4000 ,
1047 3932 1355 4012 -(1ns.,qnn>st.12,
1366 3931 1467 4006 ortt,
1478 3949 1578 4012 corp„
1591 3942 1619 3993 et
1630 3931 1800 4008 auecta,

200 4009 571 4094 Respondeodieendnm
585 4009 672 4088 qudd
686 4009 836 4072 voluntas
851 4025 955 4086 quan·
1047 4020 1109 4072 ort.
1122 4010 1158 4083 2,
1176 4020 1283 4090 quust.
1297 4009 1337 4087 t,
1357 4028 1464 4092 corp..
1486 4019 1593 4092 punct.
1611 4011 1647 4088 2,
1666 4021 1729 4074 ort.
1742 4010 1801 4087 u»,

160 4093 269 4172 doque
291 4092 408 4154 dicitur
430 4091 501 4170 ipsa
527 4088 671 4169 potentia
697 4087 763 4166 qud
786 4089 954 4164 volumus,
1049 4107 1154 4169 corp„
1170 4089 1307 4172 ereda.)
1785 4113 1789 4116 ·

161 4171 360 4252 quandoque
373 4174 481 4232 autem
498 4169 567 4249 ipse
581 4167 755 4229 voluntatis
771 4171 874 4228 actus.
1048 4170 1095 4231 Ad
1110 4170 1239 4232 tertium
1255 4169 1300 4232 sic
1317 4170 1511 4248 proceditur.
1527 4169 1556 4234 1.
1570 4169 1703 4238 Videtur
1718 4167 1803 4248 qudd

202 4249 234 4312 Si
248 4267 326 4331 erpo
345 4250 520 4327 loquamur
532 4248 571 4310 de
584 4246 764 4319 voluntate,
779 4242 955 4308 sccundiun
1008 4248 1120 4312 eodem
1136 4254 1210 4310 actu
1223 4250 1373 4312 voluntas
1388 4250 1509 4316 iuratur
1529 4251 1563 4316 in
1584 4249 1697 4323 sturm,
1715 4255 1746 4310 ot
1770 4249 1803 4312 in
1882 4265 1886 4270 ·

186 4329 250 4391 ndd
260 4329 406 4391 nominat
416 4327 603 4406 potentiam,
617 4325 663 4386 sie
675 4325 863 4387 eeextcndit
874 4329 904 4387 et
917 4323 956 4385 ad
1009 4327 1041 4389 id
1054 4328 1140 4406 quod
1151 4332 1201 4390 ost
1216 4328 1255 4388 ad
1270 4327 1382 4399 finem,
1398 4329 1494 4406 quia,
1508 4327 1683 4392 secundum
1700 4327 1804 4390 Philo.-

161 4347 273 4479 gnem,
285 4413 316 4469 et
326 4407 365 4469 ad
376 4423 414 4468 ea
425 4423 498 4485 qne
508 4403 632 4467 suntad
643 4403 750 4465 linem.
762 4403 809 4464 Ad
820 4421 858 4465 ea
871 4403 957 4464 enim
1009 4407 1163 4484 sophum,
1178 4407 1196 4468 3
1209 4408 1331 4486 topic„
1342 4425 1412 4485 cap.
1428 4407 1461 4478 2,
1474 4407 1507 4476 in
1519 4408 1669 4486 explicat.
1680 4408 1740 4468 loci
1751 4407 1802 4480 22,

162 4505 200 4550 se
223 4485 367 4549 extendit
385 4501 590 4563 unaquaeque
612 4483 755 4561 potentia
781 4483 815 4542 in
837 4483 956 4561 qulbus
1009 4484 1064 4546 ndi
1082 4493 1126 4546 est
1143 4504 1240 4546 unum
1252 4495 1387 4566 propter
1404 4486 1549 4552 ulterram,
1571 4485 1617 4550 itt
1642 4493 1685 4545 est
1709 4504 1806 4546 unum

163 4565 305 4628 inveniri
326 4569 431 4643 potest
455 4572 660 4642 quocumque
685 4561 779 4623 modo
801 4561 885 4622 ratio
906 4562 957 4623 sui
1011 4562 1142 4625 tontdm.
1157 4564 1215 4626 Sed
1232 4567 1380 4627 voluntas
1394 4566 1542 4632 nouvutt
1556 4565 1585 4624 id
1600 4563 1684 4642 quod
1704 4562 1805 4624 estad

163 4645 297 4726 objecti3
315 4645 398 4706 sicut
408 4645 495 4704 visus
506 4660 540 4704 se
550 4640 692 4703 extendit
702 4641 741 4701 ad
752 4641 859 4703 omniu
871 4657 959 4719 quae·
1010 4643 1106 4704 linem
1130 4644 1191 4703 nisi
1216 4649 1347 4722 propter
1371 4643 1479 4704 linem.
1500 4641 1587 4722 Ergo
1605 4641 1716 4702 eodem
1730 4646 1804 4704 actu

164 4739 305 4803 eumque
319 4721 512 4802 participant
526 4735 731 4798 quocumque
748 4719 842 4780 modo
865 4719 959 4780 colo·
1010 4725 1160 4783 movetur
1175 4721 1207 4781 in
1225 4727 1409 4798 utrumque.

164 4821 246 4866 rom.
266 4801 358 4864 ilatio
377 4805 485 4863 autern
509 4797 603 4870 boni,
627 4797 714 4876 qnod
733 4801 782 4859 est
800 4797 960 4859 ob'ectum
1051 4799 1081 4859 2.
1097 4801 1268 4873 Praeterea,
1284 4799 1356 4862 finis
1375 4802 1424 4866 est
1438 4799 1521 4861 ratio
1535 4797 1662 4860 volendi
1678 4816 1716 4860 ea
1730 4817 1804 4878 qua

164 4881 318 4962 potentiae
336 4880 528 4948 voluntatis,
544 4877 709 4938 invenitur
723 4893 786 4937 non
801 4893 837 4938 so
852 4875 907 4936 dm
926 4877 960 4938 in
1012 4879 1141 4942 suntad
1158 4878 1270 4950 tinem,
1287 4877 1370 4942 sicut
1385 4878 1495 4940 lumen
1509 4883 1558 4940 est
1576 4879 1659 4939 ratio
1675 4879 1806 4942 visionis
1834 4914 1842 4926 ι

165 4961 310 5032 flne,sed
322 4960 417 5021 etiarn
431 4958 463 5018 ln
478 4957 527 5018 his
542 4973 615 5034 quae
632 4959 707 5016 sunt
721 4955 760 5016 ad
772 4955 879 5018 linem.
1013 4957 1168 5019 colorum.
1193 4955 1252 5018 Sod
1274 4957 1384 5022 eodem
1406 4963 1480 5020 actu
1504 4958 1630 5019 videtur
1649 4959 1757 5021 lumen
1775 4964 1808 5020 et

207 5039 238 5101 Si
254 5035 593 5116 autemloquamurde
606 5035 771 5096 voluntate
784 5031 960 5096 secundum
1014 5037 1114 5098 color.
1135 5037 1220 5116 Ergo
1240 5035 1322 5100 idem
1341 5043 1390 5098 est
1412 5043 1517 5098 motus
1540 5037 1714 5100 voluntatis
1740 5053 1806 5116 quo

167 5118 255 5198 qndd
272 5118 418 5180 nominat
433 5113 562 5195 proprid
575 5119 694 5184 actum,
711 5111 757 5174 sic
772 5111 901 5192 proprid
914 5113 962 5173 lo·
1013 5116 1083 5180 vult
1094 5115 1201 5186 finem,
1217 5121 1384 5193 etoaquu·
1398 5116 1523 5178 suntad
1538 5115 1654 5177 finem.¹

193 5197 298 5260 nendo
313 5202 362 5258 est
382 5195 454 5256 linis
474 5191 610 5255 tantvim.
632 5192 745 5254 Omnis
767 5193 852 5253 enim
869 5197 961 5254 actus
1054 5193 1084 5254 3.
1097 5195 1266 5266 Praeterea,
1283 5194 1365 5257 idem
1381 5211 1515 5258 numero
1528 5203 1633 5256 motus
1647 5193 1806 5260 naturalis

168 5215 396 5337 genominatus
415 5271 435 5336 d
458 5269 601 5353 potentia
621 5271 768 5333 nominat
783 5271 962 5349 simplicem
1015 5273 1131 5352 estqui
1154 5290 1211 5351 per
1227 5273 1332 5335 modia
1346 5275 1446 5336 tendit
1464 5274 1503 5335 ad
1516 5275 1675 5336 ultimum.
1696 5273 1754 5336 Sed
1768 5290 1809 5338 ea

127 5357 130 5364 ’
170 5361 279 5417 actum
298 5354 384 5414 illius
405 5352 573 5432 potentiae,
594 5350 677 5413 sicut
704 5351 882 5430 intelligere
905 5367 963 5411 no·
1015 5358 1177 5430 quaeunt
1201 5351 1241 5414 ad
1262 5351 1376 5425 linem,
1401 5359 1630 5431 comparantur
1648 5353 1688 5415 ad
1712 5352 1808 5416 finem

170 5433 275 5496 minat
288 5433 464 5512 simplicem
480 5437 586 5493 actum
607 5429 799 5492 intellectus.
821 5428 963 5508 Simplex
1015 5431 1099 5492 sicut
1117 5429 1220 5494 media
1244 5430 1283 5492 ad
1303 5432 1463 5504 ultimum.
1485 5433 1571 5512 Ergo
1592 5432 1675 5493 idem
1700 5437 1806 5498 motus

170 5517 279 5574 autern
290 5516 379 5574 actus
390 5511 598 5590 potentioeest
608 5509 640 5569 in
651 5509 681 5568 id
692 5509 778 5587 quod
791 5513 840 5570 est
850 5525 964 5570 sccun-
1016 5509 1190 5584 voluntatis
1210 5515 1335 5588 estquo
1353 5511 1502 5573 voluntas
1517 5511 1617 5579 lentur
1638 5511 1672 5580 ia
1691 5508 1807 5583 tinem,
1865 5601 1872 5614 .

170 5589 248 5652 dvlm
261 5608 295 5653 se
305 5589 464 5670 obiectum
477 5587 637 5669 potentiae.
650 5586 684 5648 ld
697 5592 805 5650 antem
818 5586 903 5664 quod
916 5591 964 5649 est
1016 5595 1048 5650 et
1061 5590 1092 5649 in
1106 5606 1145 5652 eu
1157 5605 1230 5667 qum
1243 5595 1319 5650 sunt
1332 5589 1371 5651 ad
1388 5589 1495 5650 tinem.

170 5673 305 5750 propter
320 5686 355 5731 se
367 5670 488 5730 bonurn
503 5671 534 5728 et
548 5667 694 5737 volitum,
708 5671 757 5728 est
771 5666 860 5738 linis;
879 5665 964 5727 unde
1056 5667 1114 5729 Sed
1136 5675 1266 5740 contra,
1287 5675 1378 5730 actus
1406 5667 1664 5730 diversificantur
1691 5681 1807 5728 secun-

172 5747 324 5812 voluntas
357 5745 464 5826 roprid
476 5751 523 5821 est
538 5744 639 5826 ipsius
650 5744 792 5809 timella
803 5745 879 5808 rerd
893 5763 965 5822 nun
1017 5743 1093 5808 ddm
1113 5746 1248 5828 objecta.
1263 5745 1323 5808 Sed
1345 5747 1478 5809 diverse
1498 5746 1620 5827 species
1641 5745 1716 5807 noni
1733 5747 1810 5806 sunl

173 5831 251 5902 runt
273 5827 313 5893 ad
333 5765 447 5904 gnere,
474 5841 538 5891 non
560 5827 637 5892 runt
658 5824 759 5904 bona,
790 5824 841 5889 vet
868 5827 964 5890 vetito
1017 5823 1089 5918 finis
1111 5829 1143 5888 et
1163 5824 1194 5887 id
1218 5825 1303 5904 quod
1325 5830 1373 5888 ort
1394 5827 1433 5888 ed
1454 5825 1564 5903 tinem,
1585 5824 1671 5905 qnod
1693 5823 1814 5897 dieitur,
