4038 6350
318 335 373 392 „03
649 347 655 356 -
802 325 932 386 sunna:
952 324 1177 384 iasonoaicn
1194 324 1297 382 iiiiii
1316 325 1496 386 sesanna.
1882 321 1919 404 ¹iii

320 465 438 528 panem
447 444 611 525 sapidum
622 443 654 532 et
663 438 910 520 precipiebatur
919 437 1039 516 apponi
1047 437 1107 510 sal,
1161 436 1432 578 ereditinipfisam
1446 447 1645 536 compescat.
1660 443 1713 506 sed
1727 443 1834 510 haheat
1841 453 1918 520 musi

320 525 408 605 quod
422 529 470 586 est
482 521 736 590 mordicahvum,
754 521 786 579 et
799 517 873 578 thus
887 560 896 590 ,
911 515 999 594 quod
1011 515 1109 578 habet
1160 525 1315 578 aleam.
1357 520 1370 578 t
1384 517 1455 580 ided
1469 521 1861 598 potissimhmsacriticium
1871 541 1909 596 esi

320 621 468 682 saporem
482 617 639 663 amarum.
650 597 784 660 Videtur
795 611 872 674 crgo
884 594 970 672 quad
984 610 1024 656 ea
1035 611 1108 672 quas
1159 611 1226 672 quo
1241 595 1310 674 ipse
1323 594 1469 660 Christus
1478 599 1612 678 seipsiam
1622 598 1736 663 adtulit
1747 603 1807 664 Dea
1822 581 1919 672 inodo:

319 683 480 820 Kertlncnt
492 679 530 742 ad
546 677 751 741 caeremonias
775 673 1026 749 sacrificiorum,
1040 687 1107 734 non
1159 688 1223 734 rem
1235 674 1411 744 saevitatis,
1434 681 1471 737 ut
1485 676 1602 738 dicitnr
1623 678 1664 740 ad
1682 679 1798 760 Ephes.
1810 681 1838 758 5,
1858 686 1919 758 202

343 763 459 821 abeant
471 755 694 820 rationabilem
709 769 854 815 causam.
1158 756 1290 830 propter
1305 752 1367 814 boc
1387 753 1496 817 omnia
1510 756 1575 819 alia
1595 757 1754 822 sacrillcia
1766 757 1918 827 ollerebai·

359 837 419 898 Sed
447 841 560 898 contra
583 831 736 911 estquod
761 831 878 891 dicitur
900 829 976 892 Lei.
1001 829 1032 903 1,
1053 828 1074 888 9
1095 847 1104 888 i
1159 831 1257 891 turin
1272 831 1372 892 veteri
1386 832 1474 910 lege,
1492 837 1528 894 ut
1544 834 1607 896 hoc
1620 851 1722 897 unum
1735 837 1916 918 singularem

319 915 434 978 Oblata
444 915 548 976 amnia
558 910 693 974 adolebit
705 907 847 971 sacerdos
856 908 1058 986 superaltare
1068 905 1107 967 in
1158 909 1916 998 praecipuumsacrificiumfiguraretur,tanqaam

317 994 532 1056 holocaustam
544 999 573 1052 et
592 990 716 1052 odorem
725 985 942 1048 manissimnm
955 985 1103 1046 domino.
1157 985 1332 1063 perlectum
1380 1005 1416 1048 er
1438 988 1634 1068 imperfecta.
1657 991 1746 1055 Unde
1771 996 1915 1074 Apostolus

317 1073 389 1147 Sed,
406 1073 489 1134 sicut
501 1071 616 1132 dicitur
629 1069 703 1147 Sap.
714 1067 745 1140 7,
758 1065 813 1138 28,
826 1064 985 1156 neminem·
997 1062 1105 1142 diligit
1157 1063 1243 1155 dicit,
1272 1064 1312 1127 ad
1334 1005 1483 1138 llldbrdd,
1500 1069 1549 1144 11,
1569 1069 1655 1147 quoa
1670 1072 1811 1134 secedas
1830 1079 1916 1139 seteis

317 1155 412 1218 Dens,
422 1150 486 1212 aiii
499 1167 564 1210 eum
573 1148 628 1230 qni
638 1163 706 1209 anm
717 1141 1032 1223 sapientidmhahitat
1042 1160 1052 1208 ,·
1062 1157 1106 1202 ex
1157 1139 1233 1220 legis
1248 1143 1365 1204 easdem
1377 1143 1455 1223 sepa
1469 1145 1619 1226 offerebat
1632 1147 1763 1217 hostias,
1778 1169 1840 1231 qne
1850 1171 1915 1214 eug.

316 1248 383 1308 quo
393 1227 607 1308 potestaccipi
617 1221 870 1304 quodquidqmil
879 1225 928 1282 est
937 1222 1004 1282 Deo
1015 1237 1105 1282 acce·
1155 1220 1247 1299 qndm
1269 1229 1405 1298 paisant
1429 1225 1552 1303 auferre
1590 1235 1713 1295 ereata:
1727 1228 1862 1292 Christus
1872 1253 1913 1292 an.

318 1313 420 1386 ptum,
436 1312 485 1370 est
499 1323 572 1368 cuin
594 1299 763 1382 sapientia.
778 1301 863 1379 Ergo
878 1299 1104 1361 illiecmremo-
1156 1305 1215 1358 tem
1238 1315 1301 1380 pro
1319 1301 1458 1379 peccatis
1481 1243 1596 1363 ahtoda
1619 1323 1715 1366 naam
1731 1305 1767 1368 in
1787 1310 1914 1388 sempter.

317 1388 380 1449 nias
393 1385 623 1448 sacrificiorum
639 1399 711 1442 cum
725 1377 885 1457 sapientia
898 1381 1002 1450 erant,
1015 1377 1104 1440 velut
1155 1394 1241 1438 anm.
1275 1378 1316 1446 Et
1361 1379 1417 1439 uia
1449 1397 1490 1440 ex
1517 1380 1654 1460 ligurato
1690 1384 1824 1446 sumitur
1852 1389 1914 1450 ratlo

318 1465 471 1527 habentes
486 1461 693 1524 rationabiles
709 1473 835 1522 causas.
1155 1454 1276 1534 ligura,
1293 1455 1323 1515 id
1378 1457 1518 1520 rationes
1534 1459 1748 1523 sacriflcionm
1762 1463 1913 1542 figuralium

281 1585 286 1604 .
357 1541 543 1622 Respondes
553 1539 721 1602 dicendum
735 1535 832 1614 quad,
847 1533 931 1595 sicut
943 1550 1042 1612 supra
1056 1532 1103 1593 di·
1155 1533 1272 1595 veteris
1287 1535 1366 1614 legis
1377 1540 1453 1596 sunt
1468 1535 1630 1600 sumendas
1642 1557 1684 1601 ex
1700 1543 1912 1604 verosairilicio

316 1630 401 1682 ctum
417 1627 475 1692 est,
491 1623 552 1682 art.
562 1635 669 1697 praec,
685 1612 882 1677 caeremoniis
896 1613 1010 1674 veteris
1022 1612 1101 1690 legis
1154 1609 1284 1673 Christi.

315 1701 474 1778 duplicem
486 1695 912 1760 causamhabehant:unam
922 1691 1103 1752 scilicetlit-
1193 1690 1240 1751 Ad
1254 1691 1393 1769 primum
1407 1708 1484 1771 ergo
1498 1691 1666 1756 dicendum
1676 1695 1766 1774 quad
1775 1696 1851 1759 lictis
1861 1715 1910 1760 noi

316 1781 461 1850 teralem,
491 1772 667 1838 secundiim
693 1771 779 1851 quad
800 1769 1034 1832 ordinabantur
1062 1768 1102 1829 ad
1154 1769 1282 1831 volebat
1294 1768 1476 1849 hujusmodi
1493 1772 1650 1834 sacrificia
1664 1775 1727 1835 sibi
1740 1773 1842 1836 ollemi
1853 1793 1909 1854 pro

314 1857 436 1919 cultum
456 1855 531 1928 Dei3
546 1848 934 1941 aliamverbsigupalem,
952 1849 1103 1984 sivemg-
1153 1849 1224 1940 ptep
1249 1848 1336 1926 ipsas
1357 1865 1409 1910 res
1430 1865 1504 1927 quio
1525 1849 1756 1927 olicrebantur,
1799 1855 1861 1915 nasi
1878 1855 1911 1916 eis

316 1937 446 2008 sticam,
461 1930 636 1999 secundam
656 1928 743 2008 qnbd
757 1927 991 1988 ordinabantur
1004 1925 1044 1986 ad
1079 1959 1103 1970 -
1154 1925 1311 2004 indigeret
1334 1945 1343 1982 i
1361 1926 1446 1988 unde
1466 1926 1583 1990 dicitur
1607 1929 1683 1992 lsai.
1706 1931 1746 2002 1,
1761 1871 1817 1991 td:
1835 1933 1913 1992 llolo

316 2013 496 2092 guraadum
518 2010 691 2073 Christum.
713 2007 753 2066 Et
779 2023 821 2066 ex
846 2003 985 2082 utraque
1010 2007 1102 2081 parte
1154 2009 1262 2064 eansta
1280 2004 1423 2074 arietum,
1439 2012 1467 2066 et
1482 2005 1604 2086 adipem
1618 2009 1803 2087 pinguium,
1821 2018 1913 2071 etini-

314 2097 421 2184 potest
437 2089 665 2153 convenienter
674 2083 834 2177 assignari
843 2099 941 2174 caiisa
950 2085 1102 2144 caeremo'-
1153 2082 1278 2175 guinem
1292 2082 1483 2152 sitnioiiam,
1499 2092 1528 2145 et
1550 2083 1722 2178 hircarnm,
1742 2095 1771 2149 et
1790 2105 1913 2168 agearm

314 2159 1102 2331 talahatat..natantianatantia
1152 2160 1345 2314 altstat,
1358 2161 1549 2318 {latta
1567 2162 1868 2306 {talanta
1886 2182 1912 2229 '⁸
1977 2191 1978 2206 .

315 2326 355 2388 ad
367 2326 489 2418 cultum
499 2324 570 2398 Dei,
580 2337 679 2384 causa
689 2318 921 2412 sacrificiorum
932 2315 1102 2394 dupliciter
1153 2315 1368 2410 idololatriam
1379 2361 1388 2390 ,
1400 2322 1470 2410 tum
1485 2318 1524 2380 ad
1537 2319 1784 2412 significandum
1802 2322 1913 2383 debitia

314 2393 1101 2565 tantillitatillllatlllttl'fllaa
1152 2395 1913 2557 illabatatiltltlatailtltlt

314 2561 349 2622 iii
369 2561 492 2634 Deum,
507 2559 548 2625 ad
564 2571 663 2636 quam
683 2553 886 2616 excitabatur
907 2551 1100 2612 sacrificinm
1153 2568 1258 2614 mania
1271 2569 1329 2630 per
1340 2551 1514 2614 Christum.

313 2638 463 2704 olierens.
495 2637 543 2698 ad
569 2638 691 2697 rectam
723 2637 831 2694 autem
864 2629 1101 2691 ordinationem
1191 2629 1239 2690 hil
1254 2629 1611 2692 secundnmdicendum
1625 2631 1718 2710 quad
1734 2633 1914 2714 quantumst

313 2717 429 2778 mentis
450 2718 484 2777 iii
496 2716 599 2779 Deum
621 2711 760 2791 pertinet
805 2707 869 2770 abd
888 2708 996 2770 omnia
1027 2723 1101 2785 qum
1151 2709 1261 2770 omnia
1275 2707 1424 2786 predicta
1439 2708 1522 2770 ratio
1535 2711 1733 2776 convenicus
1748 2711 1814 2785 luit,
1832 2727 1912 2790 quara

313 2795 410 2857 homo
429 2795 536 2867 habet,
563 2727 806 2870 recognoscat}
818 2788 886 2848 Deo
905 2783 1060 2863 tanquam
1080 2781 1101 2847 a
1151 2785 1725 2852 istaanimaliaolierebanturlieoin
1738 2790 1911 2861 sacrilicinn,

313 2875 418 2968 primo
427 2873 596 2952 principio,
611 2876 643 2931 et
655 2868 780 2930 ordinet
790 2865 823 2926 in
831 2865 933 2925 Demn
945 2861 1099 2942 tanquam
1151 2867 1183 2926 et
1204 2865 1359 2926 nonalia.
1376 2865 1629 2944 Primaquidem
1648 2867 1689 2929 ad
1709 2867 1913 2931 excludendum

312 2969 348 3014 iii
365 2953 514 3014 ultimum
535 2949 631 3010 linem
655 2952 712 3008 :et
732 2945 793 3006 hoc
809 2943 1101 3021 repraesentabatur
1152 2941 1378 3015 idololatriam,
1387 2943 1464 3021 quia
1473 2945 1656 3008 omnia·ulia
1670 2947 1822 3010 animalia
1832 2945 1913 3006 otae

313 3031 348 3091 in
361 3029 576 3092 oblationibus
592 3030 623 3087 et
633 3022 809 3094 sacriticiis,
826 3016 1002 3111 secundum
1014 3020 1100 3097 quad
1151 3021 1229 3083 bant
1243 3021 1419 3083 idololatra
1431 3021 1491 3083 diis
1506 3022 1585 3096 suis,
1606 3025 1657 3085 vel
1673 3025 1722 3086 eis
1735 3025 1775 3088 ad
1785 3023 1912 3086 maletida

313 3109 411 3170 homo
425 3126 466 3170 ex
491 3109 586 3170 rebus
606 3103 673 3166 suis
689 3101 783 3180 quasi
800 3101 834 3160 iii
849 3099 1100 3179 recognitionem
1150 3101 1334 3161 utebantur.
1350 3100 1416 3162 lsta
1437 3104 1544 3164 autem
1568 3102 1724 3168 animalia
1744 3101 1825 3182 apud
1841 3101 1913 3180 AEgy·

312 3187 399 3265 quiid
414 3187 546 3248 haberet
558 3199 596 3245 ea
610 3181 630 3243 a
644 3182 731 3252 Deo,
753 3179 786 3239 iii
802 3178 958 3239 honorem
980 3177 1037 3237 Dei
1061 3193 1100 3239 ea
1151 3177 1255 3256 ptios,
1271 3195 1344 3240 cum
1365 3178 1483 3257 quibus
1497 3181 1677 3242 conversati
1691 3187 1803 3254 erant,
1818 3179 1912 3242 aboni-

313 3264 486 3335 ollerebat3
502 3256 778 3336 secundamqnod
799 3257 880 3317 dixit
893 3255 1023 3316 Davidt
1042 3255 1101 3317 Pa·
1152 3257 1272 3319 nabilia
1289 3261 1381 3318 erant
1400 3255 1440 3319 ad
1463 3257 1690 3331 occidendum
1715 3261 1799 3321 unde
1817 3276 1849 3318 ea
1865 3273 1913 3316 noi

312 3339 484 3420 calipti:
502 3341 572 3400 Yna
590 3345 665 3398 sani
682 3337 805 3403 omnia,
822 3342 850 3395 et
864 3351 930 3414 qna
946 3333 983 3393 de
1004 3351 1100 3394 mann
1151 3333 1328 3397 olierehaiit
1341 3335 1375 3396 in
1394 3333 1585 3398 sacrificium
1599 3335 1658 3398 diis
1674 3339 1763 3412 suis3
1783 3337 1858 3398 unde
1873 3334 1913 3394 di-

314 3423 369 3481 tad
383 3418 566 3498 accepimns,
582 3415 722 3478 dedimus
736 3411 804 3475 tihi.
820 3413 860 3473 Et
874 3410 945 3473 ided
960 3413 994 3471 in
1009 3412 1099 3473 obla·
1151 3413 1234 3473 citur
1247 3412 1348 3473 Exod.
1364 3411 1404 3488 8,
1421 3411 1461 3473 ad
1475 3433 1483 3473 ε
1499 3413 1753 3477 abominationes
1768 3416 1807 3478 ,Ε
1841 3413 1912 3494 ptio-

312 3499 400 3559 tione
414 3495 644 3560 sacrificiorum
655 3493 894 3584 protestabatur
907 3488 1002 3549 hoino
1012 3488 1099 3581 quad
1149 3508 1221 3582 ram
1233 3489 1456 3552 immolabimus
1470 3491 1604 3554 Domino
1620 3493 1685 3554 Deo
1706 3433 1910 3556 nostraqyffitt

312 3577 398 3638 Deus
423 3579 509 3640 esset
537 3576 678 3652 primum
705 3585 899 3648 principium
926 3571 1098 3629 creationis
1151 3587 1237 3632 enim
1252 3569 1410 3642 colebant,
1426 3569 1532 3632 hircos
1551 3573 1801 3646 venerabantur,
1815 3568 1911 3650 qniaii

311 3673 438 3728 rerum,
467 3658 499 3716 et
526 3652 660 3714 ultimus
686 3648 776 3721 linis,
803 3647 843 3709 ad
869 3663 966 3724 quein
993 3652 1100 3707 essent
1151 3646 1303 3708 eorumti
1351 3645 1388 3710 ra
1410 3645 1570 3712 daemones
1591 3654 1813 3729 apparebant:
1835 3649 1911 3709 bobas
1976 3669 1977 3724 ᾗ

312 3733 421 3797 omnia
435 3731 611 3794 relerenda.
625 3729 666 3790 Et
681 3728 759 3820 quia
770 3725 909 3805 pertinet
926 3723 966 3786 ad
978 3729 1098 3786 rectam
1150 3725 1246 3788 etiam
1257 3731 1312 3788 ute
1335 3728 1432 3788 antur
1444 3725 1484 3788 ad
1494 3729 1739 3807 agriculturam,
1749 3726 1911 3807 quaminbr

187 3847 189 3850 -
312 3813 546 3874 ordinationem
560 3808 675 3870 mentis
692 3806 915 3877 inDenm,ut
931 3799 1100 3863 menshu-
1150 3820 1202 3864 res
1226 3819 1335 3865 sacras
1362 3804 1533 3867 habebant.
1565 3795 1710 3867 Secniidd
1736 3807 1796 3868 hoc
1817 3819 1911 3866 conis·
1976 3801 1977 3882 l

311 3907 409 3954 maiia
436 3906 500 3950 nori
522 3887 731 3966 recognoscat
753 3883 853 3946 alium
876 3881 1015 3960 primum
1040 3897 1097 3942 aii·
1150 3882 1243 3943 niens
1260 3886 1331 3944 erat
1344 3882 1383 3944 ad
1400 3883 1582 3960 praedictam
1597 3883 1827 3946 ordinationem
1838 3897 1911 3943 meii-

311 3973 433 4030 ctorem
455 3983 564 4028 reruni
584 3965 646 4026 iiisi
667 3963 772 4025 solum
794 3962 910 4033 Deum,
935 3977 1041 4036 neque
1064 3959 1098 4020 iii
1150 3959 1191 4020 tis
1208 3960 1242 4020 in
1255 3961 1376 4032 Deiim3
1394 3965 1426 4020 ct
1449 3961 1509 4022 hoc
1532 3962 1725 4038 dupliciter:
1744 3961 1841 4042 prima
1857 3957 1911 4036 qui·

311 4047 421 4124 aliquo
438 4046 503 4109 alio
525 4044 621 4105 linem
640 4059 736 4103 snum
756 4040 941 4109 constituat,
968 4043 1099 4115 proptor
1149 4036 1221 4100 dem
1243 4039 1322 4116 quia
1336 4037 1518 4117 hujusmodi
1539 4040 1694 4102 animalia
1708 4038 1909 4103 marimasiil

311 4123 374 4185 hoc
388 4124 618 4202 prohibebatur
631 4120 664 4180 in
688 4120 758 4199 lege
778 4115 886 4180 olierri
905 4114 1098 4208 sacrificium
1149 4133 1207 4252 Ber
1228 4133 1300 4195 quis
1316 4120 1517 4178 sustentatur
1538 4117 1682 4180 humana
1705 4121 1788 4190 vitai
1810 4122 1839 4179 et
1856 4129 1909 4176 ran

313 4202 411 4262 alicui
437 4201 529 4263 alteri
550 4199 613 4261 nisi
633 4198 721 4270 Deo,
745 4193 920 4258 secundam
942 4193 1020 4255 illud
1035 4195 1095 4256 Ex.
1172 4210 1210 4256 oc
1229 4194 1438 4256 mundissima
1458 4201 1554 4268 sunt,
1569 4201 1600 4256 ct
1617 4195 1854 4260 mundissimum
1866 4193 1910 4252 ha-

310 4279 362 4353 2st2,
375 4279 414 4340 29
427 4300 434 4338 ε
448 4279 513 4355 Qni'
525 4275 661 4340 immolat
673 4275 746 4342 diis,
768 4273 929 4335 occidetur
941 4316 949 4338 ‚
961 4279 1099 4350 prater·
1148 4271 1225 4332 beot
1252 4273 1495 4346 nutrimentum,
1524 4274 1589 4336 alia
1614 4275 1690 4336 verb
1712 4273 1856 4339 animalia
1872 4267 1908 4328 iel

310 4359 403 4440 qadm
416 4357 549 4418 Domino
564 4353 634 4416 soti.
650 4353 690 4412 Et
703 4351 775 4413 idea
787 4350 825 4412 de
840 4347 1098 4412 cansacaarcmo·
1149 4353 1224 4409 sunt
1237 4349 1416 4428 sylvestria,
1431 4358 1463 4412 et
1479 4369 1545 4412 non
1562 4356 1637 4412 sunt
1650 4353 1852 4415 communiter
1865 4348 1910 4407 ho-

311 4437 439 4499 niarnm
452 4435 537 4498 circa
552 4430 709 4494 sacrificia
723 4431 827 4508 potest
843 4428 1001 4506 assignari
1014 4427 1097 4489 ratio
1139 4427 1273 4487 minum
1284 4429 1359 4489 usui
1372 4427 1547 4507 deputatas
1562 4431 1613 4492 vel
1627 4431 1654 4492 si
1668 4426 1907 4492 suntdomcstiea

309 4513 480 4578 ullomodo
495 4530 536 4574 ex
552 4509 614 4572 hoc
625 4507 712 4588 qudd
723 4526 781 4587 per
795 4505 977 4586 hujusmodi
990 4505 1098 4567 homi·
1147 4503 1345 4566 immundum
1369 4505 1489 4568 habent
1505 4509 1756 4584 nutrimentum,
1771 4512 1806 4569 ut
1817 4516 1907 4585 porcis

311 4613 368 4656 iies
400 4591 649 4655 retrahebantur
676 4585 697 4650 a
729 4585 894 4649 sacrificiis
923 4583 1094 4646 idolorum.
1148 4586 1181 4644 et
1193 4583 1332 4662 gallina3
1349 4581 1453 4646 solam
1467 4591 1573 4648 autem
1589 4585 1619 4645 id
1635 4587 1722 4664 quod
1737 4591 1785 4648 est
1803 4595 1906 4664 purum.

309 4671 398 4736 Unde
414 4671 510 4734 etiam
524 4669 682 4804 praecepta
693 4665 733 4726 de
745 4662 909 4726 sacrificiis
935 4679 1001 4722 noii
1020 4661 1095 4724 lue-
1147 4661 1532 4724 Deoestattribuendum.
1544 4664 1906 4743 hujusmodtsutemim

310 4755 386 4812 runt
400 4750 474 4812 data
499 4747 617 4827 populo
650 4742 903 4813 uasorumntsi
922 4738 1095 4819 postquam
1148 4740 1329 4818 specialiter
1353 4740 1590 4814 offerebantur,
1614 4741 1692 4820 quia
1716 4743 1863 4805 habentur
1883 4734 1906 4792 in

309 4827 527 4890 ilccllnavitad
544 4822 768 4896 idololatriam,
782 4818 944 4883 adorando
958 4819 1096 4881 vitulum
1147 4817 1241 4897 copia
1262 4819 1296 4880 iii
1315 4817 1402 4882 terra
1419 4820 1654 4900 promissionis.
1682 4820 1823 4883 Secundo
1848 4813 1905 4892 quit

310 4905 518 4975 conflatilem
534 4901 629 4982 quasi
650 4898 835 4979 hujusmodi
856 4896 1015 4960 sacrificia
1031 4898 1096 4960 sint
1147 4913 1205 4974 per
1219 4897 1470 4959 immolationem
1483 4897 1665 4977 hujusmodi
1675 4897 1852 4962 animalium
1864 4907 1906 4968 pu·

309 4983 515 5056 instituta,ut
527 4980 665 5074 populus
678 4978 718 5040 ad
732 4974 976 5039 sacrificandum
986 4992 1095 5053 prom·
1148 4974 1226 5036 ritas
1255 4975 1369 5037 mentis
1392 4974 1599 5055 designatur,
1625 4979 1724 5056 quia,
1753 4981 1789 5038 ut
1814 4971 1906 5032 dicitnr

309 5064 383 5138 ptus
399 5059 582 5122 hn'usmodi
602 5055 761 5120 sacrificia
781 5053 883 5133 magis
905 5054 972 5114 Deo
997 5051 1095 5131 quam
1147 5053 1181 5114 iii
1197 5052 1311 5115 Glossa
1324 5052 1425 5118 Levit.
1440 5055 1456 5114 l
1473 5054 1552 5133 (seu
1568 5055 1601 5116 iii
1614 5071 1746 5134 promsi.
1763 5047 1904 5134 adhesit,

309 5139 402 5201 idolis
416 5081 555 5200 aderrat.
570 5136 659 5199 lliido
679 5129 977 5205 dictiunculas
993 5150 1001 5192 :
1019 5131 1097 5194 Non
1148 5128 1260 5192 versas
1275 5129 1370 5212 lim),
1394 5131 1528 5194 situlum
1547 5133 1716 5213 offerimus,
1739 5131 1804 5195 edm
1824 5139 1906 5190 canit
1975 5209 1976 5216 ἵ

309 5217 513 5279 snmlocntai
527 5232 595 5276 enm
628 5211 750 5275 utribus
758 5211 881 5279 vestris,
895 5216 923 5270 et
935 5229 1001 5272 non
1014 5227 1096 5289 pra·
1146 5207 1321 5288 snperbiam
1329 5211 1500 5286 vissimum
1515 5229 1643 5290 agnam,
1656 5209 1725 5273 edm
1734 5202 1905 5274 ananias
1975 5231 1976 5242 κ

308 5290 791 5438 tilttt.‘t.lt.t...tlttl⁶t
802 5288 1096 5430 iamai}
1144 5287 1905 5448 illidaafflhii'laiil‘fflffd

306 5457 358 5515 ter
381 5450 491 5515 omnia
513 5452 622 5512 autem
637 5445 722 5507 dona
769 5462 819 5507 uio
840 5445 926 5506 Deus
950 5443 1094 5507 humano
1147 5453 1264 5514 sarem,
1283 5443 1536 5508 cdmeastitatem
1553 5463 1729 5515 inomaus,-
1740 5459 1829 5526 pasin
1843 5455 1874 5499 a:

308 5531 417 5608 generi
429 5529 496 5609 iam
508 5544 566 5606 per
606 5465 852 5601 secatumhpso
864 5522 948 5584 dedit
960 5566 970 5597 ,
984 5523 1095 5601 prisci·
1144 5540 1228 5597 mos,
1243 5522 1312 5585 eiam
1323 5523 1358 5585 in
1370 5524 1488 5603 camnis
1501 5522 1717 5588 sinceritatis'
1777 5452 1904 5582 naurdi

307 5626 409 5686 puum
418 5614 465 5670 est
476 5603 562 5745 guad
592 5601 656 5666 edit
669 5601 905 5672 Filiumsuum3
919 5601 1004 5662 unde
1018 5600 1095 5663 dici-
1145 5599 1294 5664 columba
1304 5601 1381 5664 verb
1393 5601 1597 5664 manifestum
1609 5607 1659 5665 est
1668 5521 1902 5681 qnfflimffim·

309 5691 362 5766 ¹tur
375 5687 469 5749 toan.
499 5683 572 5757 ,162
582 5682 636 5746 Sic
652 5681 737 5741 Dens
753 5677 866 5741 ditescit
888 5679 1094 5766 mandamns
1146 5684 1200 5741 tur
1210 5680 1339 5744 castitas
1355 5684 1387 5742 et
1402 5679 1589 5761 simplicitas
1600 5663 1902 5743 menna-seratura

306 5763 429 5838 ¹Filiam
443 5781 532 5824 snam
551 5757 748 5835 unigenitum
762 5755 859 5822 daret.
875 5764 912 5816 nt
926 5758 1025 5815 omnis
1037 5757 1094 5837 qui
1146 5758 1343 5822 conveniens
1358 5758 1417 5821 init
1434 5759 1664 5826 hacanimalia
1678 5757 1823 5824 ouem-tii
1836 5755 1902 5831 figi·
