4080 6354
286 343 343 402 lli

327 459 396 520 lloc
411 457 518 518 autem
533 453 653 513 bonurn
672 451 763 529 prior
788 445 917 540 quidem
932 447 964 505 et
977 461 1035 535 per
1045 459 1080 504 se

288 537 496 614 comparatur
509 531 549 594 ad
565 531 763 593 voluntatem
779 527 920 604 dianam
934 528 971 586 ut
984 524 1080 602 obje-

287 619 376 677 ctum
392 613 559 692 proprium
580 609 669 688 cjus3
693 605 773 668 illud
793 607 901 666 autem
924 602 1011 682 quod
1032 605 1080 664 est

287 694 428 773 primum
449 693 481 752 in
497 689 640 769 quolibet
658 703 792 767 genero,
811 687 861 746 est
876 697 1028 745 mensura
1049 683 1080 742 et

287 774 372 836 ratio
386 770 611 848 omniumque
625 769 701 828 sunt
710 765 796 824 illius
809 761 946 842 generis.
955 761 1081 823 Unum-

287 841 1080 931 quodqueautemrcctumetbonumest‚inquan-

289 940 357 992 tum
369 926 545 1008 attingitad
556 925 720 1005 propriam
736 935 931 984 mensuram.
942 920 1027 999 Ergo
1039 917 1079 980 ad

289 1011 350 1072 boc
366 1008 451 1088 qubd
468 1005 617 1070 noluntas
635 1001 773 1064 bominis
791 999 832 1061 sit
847 1000 947 1070 bona,
963 997 1080 1076 requi-

287 1090 371 1151 ritur
383 1086 469 1166 quod
483 1083 700 1148 conformetur
712 1078 869 1144 voluntati
882 1077 1007 1142 atrine.

328 1168 374 1228 ad
391 1167 531 1246 primum
553 1177 629 1241 ergo
648 1159 817 1222 dicendum
829 1156 913 1236 qudd
930 1158 1078 1220 voluntas

288 1247 429 1308 bominis
444 1253 510 1305 non
524 1245 629 1321 potest
645 1237 838 1302 conformari
856 1235 1013 1299 voluntati
1028 1234 1080 1295 di-

288 1327 372 1388 vince
386 1342 444 1404 per
458 1320 742 1414 aequiparandam,
770 1315 824 1378 sed
846 1333 904 1394 per
923 1314 1080 1405 imitatio-

289 1422 375 1478 nem,
390 1407 421 1464 et
433 1401 578 1464 similiter
593 1399 812 1460 conformatur
825 1395 958 1456 scientia
972 1394 1081 1453 homs-

288 1484 340 1545 nis
360 1481 501 1544 scientiae
521 1478 652 1551 divine,
675 1477 709 1536 in
734 1479 892 1553 quantum
916 1471 1080 1564 cognoscit

288 1580 418 1636 verum,
441 1565 472 1622 et
495 1558 578 1622 actio
600 1554 740 1617 bominis
754 1554 873 1616 actioni
893 1552 1029 1625 divine,
1045 1569 1078 1612 rn

287 1645 445 1720 quantum
460 1642 509 1700 est
522 1635 630 1717 agenti
650 1633 866 1704 conveniens3
890 1641 922 1694 et
938 1631 998 1691 boe
1022 1647 1080 1708 per

287 1721 510 1788 imitationem,
525 1733 591 1779 non
606 1718 714 1776 autem
728 1728 787 1791 per
799 1708 1077 1789 aequiparantiam.

326 1799 414 1861 Unde
427 1794 643 1877 patetsolutio
659 1793 700 1855 ad
717 1789 894 1854 secundum
908 1793 940 1851 et
959 1787 999 1850 ad
1012 1792 1080 1850 ter-

287 1879 370 1938 tium
384 1879 621 1956 argumentum

288 2000 468 2060 lactentes
479 2013 512 2056 x.
526 2027 562 2040 -
572 1989 685 2056 Utrtlm
695 1990 901 2053 necessarium
910 1989 951 2052 sit
964 1989 1081 2052 volun-

328 2086 421 2138 tatem
442 2076 606 2136 burtonam
632 2070 821 2152 conseruent
841 2071 1000 2132 voluntati
1023 2069 1080 2130 et-

328 2157 409 2218 oinoe
428 2155 465 2216 iu
486 2153 597 2220 oolt'to,
616 2150 728 2212 editoe
754 2149 837 2228 qodd
864 2150 904 2210 sit
925 2148 1016 2210 bona.
1042 2181 1080 2194 -

327 2235 423 2315 (Iret,
439 2252 491 2313 qu.
510 2231 568 2305 39,
586 2238 648 2290 art.
663 2229 694 2300 2,
708 2227 748 2288 od
759 2229 790 2302 3,
803 2236 830 2288 ct
843 2228 917 2300 Μ,
932 2246 984 2308 qu.
1002 2225 1078 2301 lut,

321 2321 390 2374 erl.
406 2311 437 2382 lt,
450 2312 490 2372 ed
500 2310 530 2384 3,
546 2317 572 2372 ct
583 2310 611 2384 1,
624 2308 697 2369 tlt'st.
710 2306 760 2380 ἱι8,
773 2319 834 2367 ert.
846 2307 865 2368 3
878 2316 905 2366 et
918 2305 948 2378 b,
961 2315 989 2367 ct
1007 2308 1078 2369 Ver.

330 2411 386 2473 qu.
400 2391 451 2464 23,
466 2397 527 2451 ort.
538 2390 559 2449 'l
570 2396 598 2450 et
612 2385 644 2456 8,
658 2395 686 2447 et
699 2403 805 2466 opusc.
817 2387 848 2460 e,
859 2405 911 2466 qu.
927 2385 993 2465 st)

319 2491 376 2552 bd
390 2489 549 2552 decimum
558 2485 805 2563 sicproceditur.
819 2483 1081 2563 l.Vidoturqudd

290 2572 440 2634 voluntas
459 2567 594 2629 borninis
606 2582 670 2626 uon
685 2564 799 2626 debeat
811 2581 939 2641 semper
955 2563 1081 2625 conlor-

291 2651 370 2712 suari
388 2646 503 2708 divium
527 2645 682 2708 voluntati
705 2644 738 2704 iu
766 2644 875 2707 volito.
899 2644 970 2704 Non
993 2644 1081 2704 enim

290 2745 461 2808 possumus
495 2725 575 2788 velle
602 2723 688 2801 quod
719 2724 927 2802 ignoramus3
959 2723 1081 2784 bonum

290 2809 376 2869 eninr
398 2805 635 2884 apprehensum
652 2805 700 2863 est
713 2801 873 2881 objectum
892 2800 1079 2863 voluntatis.

290 2887 349 2948 Sed
365 2885 441 2964 quid
463 2885 547 2944 Dens
573 2881 649 2943 velit
663 2881 848 2960 ignoramus
871 2881 904 2942 in
921 2880 1080 2958 plurimis.

290 2965 374 3043 Ergo
388 2981 451 3023 non
469 2964 572 3041 potest
583 2959 723 3022 bumana
739 2960 886 3023 voluntas
900 2959 1015 3022 divinae
1026 2975 1082 3020 vo-

290 3041 407 3104 luntati
423 3039 617 3103 conformari
631 3038 663 3098 in
680 3039 787 3100 volito.

330 3122 362 3182 2.
384 3123 560 3190 Praeterea,
576 3117 660 3179 Deus
676 3118 745 3178 vult
759 3117 913 3180 damnare
926 3116 1080 3197 aliquem,

291 3217 388 3278 quem
400 3198 525 3277 praescit
539 3197 573 3257 in
591 3197 717 3258 mortali
732 3203 862 3275 peccato
877 3198 1080 3258 moriturum.

292 3280 324 3339 st
335 3295 411 3356 ergo
427 3277 522 3336 bomo
537 3280 700 3338 teneretur
711 3275 912 3337 conformare
927 3277 1083 3340 voluuta-

289 3365 356 3418 tem
372 3372 463 3418 suam
480 3354 594 3419 dininas
614 3354 771 3418 voluntati
785 3355 817 3415 in
835 3355 944 3428 volito,
960 3373 1084 3433 seque-

288 3441 383 3497 retur
406 3432 492 3512 quod
516 3433 558 3514 (1)
581 3434 676 3494 bomo
699 3438 861 3495 teneretur
885 3435 966 3494 velle
990 3450 1083 3497 suam

293 3514 542 3586 damnationem,
557 3511 642 3592 quod
657 3517 706 3572 est
718 3512 962 3573 inconveniens.

331 3593 364 3654 3.
382 3594 552 3665 Praeterea,
568 3591 676 3651 nullus
701 3595 828 3651 tenetur
855 3591 935 3651 velle
962 3590 1084 3668 aliquid

292 3671 380 3752 quod
393 3675 442 3733 est
455 3675 567 3732 contra
586 3671 745 3748 pietatem.
763 3669 822 3730 Sed
839 3668 866 3729 si
880 3668 977 3728 bomo
989 3671 1085 3731 vellet

287 3751 372 3812 illud
384 3749 468 3828 quod
484 3749 568 3810 Deus
588 3748 672 3820 vult,
697 3747 757 3808 boc
782 3750 866 3808 esset
888 3747 1084 3826 quandoque

289 3834 407 3892 contra
428 3829 598 3907 pietatem,
620 3823 697 3904 puta
715 3824 787 3886 cum
810 3826 896 3887 Deus
919 3827 986 3889 rub
1002 3828 1084 3888 mori

291 3916 417 3988 patrem
444 3905 602 3986 alicujus,
627 3904 753 3966 siblios
777 3903 838 3965 boo
862 3905 943 3966 idem
969 3906 1082 3980 vellet,

294 3991 406 4048 contra
417 3985 568 4064 pietatem
582 3983 767 4061 essetllrgo
777 3999 841 4043 non
852 3985 1084 4046 teneturbomo

294 4065 495 4126 conlormare
517 4064 716 4124 voluntatem
739 4077 831 4122 suam
858 4064 1013 4125 voluntati
1030 4065 1086 4125 dl-

294 4146 377 4206 vlnte
390 4144 421 4204 in
438 4143 548 4204 volito.

335 4223 363 4283 1.
380 4221 438 4282 Sed
454 4223 565 4282 contra
578 4224 626 4279 est
639 4217 717 4296 quia
730 4235 828 4296 super
841 4217 920 4279 illud
935 4221 1017 4283 Psal.
1026 4219 1082 4282 32:

294 4303 407 4364 litotes
417 4299 500 4360 decet
514 4295 717 4363 collaudatio.
730 4297 805 4356 dicit
819 4298 932 4362 Glossa
958 4300 1027 4361 ord.
1043 4318 1084 4362 ex

296 4385 377 4461 bug.
395 4398 403 4438 c
422 4380 549 4439 Rectum
570 4373 726 4436 corteto
741 4357 876 4454 quivult
900 4378 984 4456 quod
1002 4380 1085 4441 Deua

282 4459 374 4526 ¹velt.
402 4456 462 4518 Sed
495 4454 632 4534 quilibet
656 4457 784 4515 tenetur
815 4455 934 4518 babere
961 4463 1085 4520 reolum

295 4554 361 4598 eor.
379 4535 464 4624 Ergo
487 4532 623 4612 quilibet
645 4536 772 4594 tenetur
794 4534 875 4596 velle
894 4537 980 4615 quod
998 4539 1084 4600 Deus

183 4633 185 4642 ¹
295 4617 374 4676 vult.

335 4695 366 4753 2.
393 4694 551 4756 Preterea
568 4689 632 4771 (2),
658 4689 760 4753 torma
780 4691 953 4756 voluntatis
975 4699 1085 4760 estex

295 4773 441 4850 objecto,
457 4770 540 4832 sieut
555 4777 587 4832 et
603 4769 773 4848 cujuslibet
786 4773 888 4836 actds.
902 4773 933 4834 st
948 4792 1025 4855 ergo
1036 4779 1086 4837 te-

296 4857 392 4912 netur
417 4849 513 4909 bomo
542 4847 743 4910 conlormare
769 4852 967 4914 voluntatem
992 4871 1085 4916 suam

297 4928 453 4990 voluntati
468 4927 601 4999 divium,
619 4928 765 5006 sequitur
781 4929 824 5012 (3)
840 4930 925 5008 quod
938 4935 1086 4995 teneatur

296 5008 497 5068 conformare
511 5007 544 5068 in
559 5007 668 5070 volito.

335 5087 365 5146 3.
379 5088 546 5160 Preterea
563 5087 779 5166 repugnantia
788 5088 991 5152 voluntatum
1005 5108 1086 5153 con-

296 5165 383 5226 sistit
404 5165 437 5226 in
456 5165 515 5227 boc
536 5165 622 5244 quod
644 5166 790 5228 homines
815 5166 941 5230 diversa
960 5169 1083 5231 volunt.

295 5243 356 5304 Sed
367 5245 562 5322 quicumque
575 5244 672 5306 babet
686 5246 884 5308 voluntatem
898 5263 1087 5327 repugnan-

297 5331 360 5383 tem
374 5323 488 5386 divinae
498 5325 676 5398 voluntati,
694 5325 791 5387 babet
801 5324 920 5387 malam
935 5327 1086 5391 volunta-

331 5507 370 5582 (Ι)
390 5507 456 5565 Cod.
472 5505 577 5564 Corrter.
592 5515 620 5564 et
639 5522 671 5564 ex
692 5521 724 5563 eo
739 5505 881 5578 theologi,
897 5509 1005 5580 sequitur
1016 5513 1085 5581 quid

724 334 853 393 stibna·
874 326 1100 388 tlteotbetcAE
1119 322 1222 382 Plllllb
1243 321 1424 382 SECUNDAE.

1899 327 1947 384 ltt

1132 442 1207 499 tem.
1226 436 1310 515 Ergo
1323 437 1520 516 quicumque
1534 453 1599 500 non
1612 438 1805 502 conformat
1830 439 1948 502 voluu-

1132 523 1230 578 tatem
1244 531 1336 576 suam
1350 517 1505 579 voluntati
1520 517 1636 581 divinae
1648 519 1681 580 in
1695 519 1831 594 solito,
1851 519 1949 582 babet

1133 595 1253 656 malam
1266 594 1477 658 voluntatem.

1171 671 1359 750 Respondeo
1371 673 1539 736 dicendum
1552 675 1638 753 quod
1653 675 1736 739 sicut
1747 695 1804 739 ex
1820 677 1948 756 praedi·-

1132 753 1190 816 ctis
1204 755 1301 830 patet,
1310 757 1372 812 art.
1388 751 1407 812 5
1420 752 1515 833 hujus
1528 771 1597 831 qu.‚
1612 756 1762 818 veluntas
1786 755 1908 817 fertur
1918 759 1948 817 in

1131 849 1227 894 suum
1247 830 1429 909 objectum,
1449 830 1625 893 secundbm
1646 835 1731 912 qubd
1753 833 1781 898 al
1811 837 1948 896 ratione

1131 909 1334 990 proponitur.
1346 907 1508 1002 Contingit
1518 913 1625 972 aulem
1633 912 1753 992 aliquid
1770 911 1797 976 a
1814 913 1950 975 ratione

1132 987 1329 1052 considerari
1355 987 1583 1062 diversimode,
1602 991 1647 1054 ita
1665 991 1750 1070 quod
1783 995 1861 1054 sub
1882 992 1949 1054 und

1131 1069 1257 1130 ratione
1271 1071 1321 1128 est
1334 1068 1472 1140 bonum,
1488 1071 1519 1129 et
1532 1069 1708 1130 secundum
1719 1071 1835 1133 aliam
1847 1073 1950 1132 ratio·

1132 1165 1205 1209 nem
1222 1164 1287 1206 non
1302 1147 1432 1208 bonum.
1446 1145 1486 1208 Et
1498 1147 1570 1210 ided
1583 1149 1610 1209 si
1624 1149 1778 1211 voluntas
1795 1149 1948 1241 alicujus

1132 1226 1209 1290 velit
1221 1225 1300 1285 illud
1311 1243 1400 1296 esse,
1416 1225 1591 1288 secuudum
1605 1227 1692 1305 qudd
1709 1229 1818 1290 babet
1836 1235 1948 1290 ratre-

1132 1323 1206 1366 nem
1233 1304 1309 1366 boni
1332 1307 1380 1366 est
1395 1304 1496 1377 hona;
1519 1307 1714 1370 ettolnntas
1731 1307 1902 1378 alterius,
1921 1308 1947 1368 si

1131 1384 1209 1446 velit
1220 1382 1298 1443 illud
1314 1382 1397 1444 idem
1410 1399 1473 1443 non
1485 1401 1567 1457 esse,
1577 1383 1753 1447 secunddm
1767 1386 1875 1465 qudd
1889 1388 1946 1448 baa

1131 1465 1186 1524 bet
1200 1463 1358 1523 rationem
1374 1461 1462 1535 mali,
1476 1463 1538 1523 erit
1551 1464 1701 1526 voluntas
1712 1465 1820 1526 etiam
1837 1467 1944 1536 hona;

1132 1542 1215 1608 sicut
1232 1541 1332 1620 judex
1357 1540 1453 1601 babet
1474 1541 1592 1604 bonam
1613 1545 1846 1616 voluntatem,
1868 1541 1944 1604 drlm

1131 1621 1201 1682 vult
1213 1619 1408 1680 occisionem
1421 1619 1569 1694 latronis,
1581 1623 1659 1699 quia
1672 1622 1760 1702 justa
1780 1627 1862 1694 est,
1881 1639 1945 1684 vo-

1130 1699 1240 1760 luntas
1258 1703 1365 1758 autern
1391 1697 1544 1770 alterius,
1569 1699 1647 1778 puta
1667 1702 1782 1764 uxoris
1812 1703 1872 1762 vel
1888 1700 1943 1761 lilii

1131 1779 1187 1857 qui
1208 1777 1276 1839 vult
1290 1791 1355 1836 non
1375 1776 1475 1838 occidi
1495 1777 1620 1856 ipsum,
1645 1780 1678 1840 in
1701 1785 1879 1857 quantum
1897 1785 1943 1841 est

1132 1854 1308 1998 {coendum
1326 1859 1476 1917 naturam
1497 1857 1582 1920 mala
1603 1858 1742 1934 occisio,
1761 1863 1820 1922 est
1841 1861 1943 1921 etiam

1154 1951 1228 1997 ona.

1170 2012 1251 2077 Cum
1267 2015 1375 2074 autern
1393 2013 1544 2076 veluntas
1564 2019 1720 2094 sequatur
1737 2017 1941 2096 approben-

1132 2093 1255 2157 sionem
1286 2091 1421 2154 rationis
1451 2093 1504 2154 vel
1534 2093 1941 2168 intellectds,secundtim

1132 2171 1938 2252 qubtlratioboniapprebensilueritcomu'runior,

1133 2248 1588 2315 seeundumbocetmtuntas
1616 2253 1717 2313 lertur
1744 2252 1778 2312 in
1809 2256 1939 2315 bonum

1132 2328 1936 2412 communius,sicutpatetinexemplopropostto.

1132 2407 1938 2489 Namjuderbabeteurambonieommunis‚quod

1134 2495 1182 2550 cst
1190 2486 1316 2567 justitia
1329 2506 1337 2557 ς
1355 2491 1387 2546 et
1399 2486 1470 2548 ideo
1480 2489 1549 2548 vult
1561 2489 1756 2550 occisionem
1768 2491 1934 2560 latronis,

1133 2565 1936 2645 quebabetrationemboniseeundumrelationrm

1133 2645 1171 2708 ad
1190 2648 1310 2706 statum
1329 2660 1548 2717 conrnrunerm
1564 2663 1649 2707 uxor
1662 2650 1770 2708 autem
1793 2647 1936 2710 latronis

1133 2723 1338 2786 considerare
1352 2723 1449 2784 babet
1470 2724 1590 2785 bonum
1604 2726 1767 2805 privatum
1780 2725 1933 2794 lamiliet

1134 2807 1165 2864 el
1177 2799 1352 2864 secundirm
1368 2802 1430 2863 boo
1446 2803 1513 2862 vult
1526 2805 1678 2865 maritum
1692 2805 1860 2868 latronem
1870 2820 1934 2866 non

1134 2880 1246 2942 occidi.
1265 2879 1389 2941 Bonum
1413 2885 1521 2942 autem
1544 2884 1641 2945 totius
1662 2884 1809 2946 universi
1836 2881 1934 2946 estid

1133 2959 1220 3100 quod
1230 2965 1279 3020 est
1288 2959 1525 3038 apprehensum
1538 2959 1646 3036 dDeo,
1655 2963 1712 3041 qui
1724 2968 1774 3023 est
1784 2959 1933 3025 universi

1146 3042 1235 3100 actor
1244 3043 1276 3100 et
1285 3041 1491 3117 gubernator.
1504 3039 1591 3101 Unde
1603 3041 1759 3118 quidquid
1769 3043 1855 3116 vult,
1865 3041 1934 3105 vult

1133 3119 1195 3179 sub
1209 3117 1334 3178 ratione
1343 3117 1417 3178 boni
1431 3119 1627 3193 communis,
1638 3119 1724 3197 quod
1737 3123 1785 3186 est
1800 3137 1866 3183 sua
1879 3122 1931 3181 bo·

1135 3197 1237 3270 nitas,
1251 3212 1323 3274 quae
1340 3199 1389 3256 est
1400 3197 1522 3257 bonum
1536 3199 1632 3259 totius
1646 3199 1802 3260 universi.

1175 3274 1397 3354 apprehensio
1427 3281 1535 3337 autem
1558 3280 1715 3339 creaturas
1750 3277 1930 3341 secundum

1136 3371 1228 3417 suam
1241 3358 1390 3414 naturam
1405 3357 1453 3416 est
1467 3354 1604 3434 alicujus
1625 3355 1702 3417 boni
1721 3357 1929 3435 particularis
2014 3427 2015 3442 χ

1135 3433 1368 3513 proportionali
1387 3449 1454 3493 sua
1479 3439 1614 3496 naturte.
1634 3435 1797 3516 Contingit
1821 3441 1929 3500 autem

1135 3511 1257 3589 aliquid
1271 3528 1342 3572 esse
1354 3511 1475 3572 benum
1485 3513 1662 3574 secunddm
1676 3516 1836 3576 rationem
1855 3531 1929 3595 par-

1136 3591 1304 3651 ticularem
1316 3589 1402 3666 quod
1415 3607 1479 3651 non
1492 3594 1541 3652 est
1557 3593 1678 3653 bonum
1690 3593 1870 3655 secundtlm
1881 3609 1930 3654 ra·

1135 3669 1256 3732 tionem
1273 3669 1506 3742 universalem,
1525 3673 1580 3730 aut
1595 3669 1805 3745 econverso,
1821 3677 1860 3735 ut
1875 3672 1927 3732 dt-

1136 3745 1349 3819 clumestblc,
1360 3747 1596 3825 supra.Etided
1605 3751 1759 3830 contingit
1793 3751 1928 3814 obdab·

1136 3843 1202 3964 aua
1216 3825 1364 3916 voluntas
1378 3831 1427 3887 cst
1442 3828 1525 3888 bona
1544 3829 1653 3890 volens
1669 3769 1792 3907 aliquia
1812 3847 1928 3893 secuu-

1157 3901 1211 3965 dm
1229 3911 1388 3964 rabonem
1413 3906 1641 3983 particularem
1668 3908 1925 3980 consideratum,

1136 3983 1222 4060 quod
1237 3987 1346 4043 tamen
1361 3983 1448 4045 Deus
1464 4001 1527 4044 non
1547 3986 1615 4048 vult
1637 3983 1812 4048 seeundbm
1826 3989 1926 4052 ratio-

1135 4078 1211 4122 nem
1227 4060 1455 4136 universalem,
1477 4068 1508 4124 et
1523 4062 1722 4126 econverso.
1742 4067 1781 4126 bt
1794 4067 1869 4129 inde
1881 4069 1927 4129 est

1133 4139 1233 4201 etiarn
1243 4139 1328 4217 qudd
1339 4145 1475 4232 possunt
1485 4141 1617 4205 diverse
1630 4144 1810 4206 voluntates
1824 4147 1926 4213 diter·

1137 4234 1248 4278 sorum
1261 4218 1427 4279 bomrnurn
1442 4237 1527 4283 urea
1550 4224 1698 4300 opposita
1721 4241 1793 4286 esse
1815 4225 1923 4294 bonae,

1137 4301 1234 4374 prout
1247 4296 1307 4356 sub
1326 4296 1460 4358 diversis
1483 4298 1662 4362 rationibus
1677 4303 1923 4380 particularibus

1139 4373 1251 4437 volunt
1269 4375 1331 4436 boo
1344 4391 1415 4446 esse
1430 4377 1481 4438 vel
1495 4393 1560 4439 non
1575 4397 1656 4440 esse.
1783 4429 1786 4436 ,

1176 4453 1247 4513 Non
1259 4458 1308 4513 est
1321 4459 1429 4515 autem
1440 4462 1526 4518 recta
1541 4458 1691 4520 voluntas
1709 4458 1848 4540 alicujus
1868 4460 1925 4522 bo-

1137 4531 1233 4591 minis
1257 4531 1391 4593 volentis
1418 4534 1548 4610 aliquod
1570 4537 1690 4598 bonum
1713 4539 1924 4617 particulare,

1138 4609 1200 4670 nisi
1215 4609 1333 4671 referat
1345 4611 1422 4672 illud
1434 4619 1467 4672 in
1482 4615 1600 4676 bonum
1616 4633 1785 4680 commune
1799 4621 1883 4681 siout
1895 4619 1924 4677 in
2012 4636 2013 4692 t

1137 4685 1251 4762 linem3
1263 4688 1337 4749 cbm
1346 4691 1442 4752 etiam
1452 4693 1608 4755 naturalis
1621 4696 1781 4773 appetitus
1793 4696 1926 4777 cujusli-

1137 4766 1191 4828 bet
1201 4767 1302 4844 partis
1317 4768 1483 4832 ordinetur
1499 4767 1532 4831 in
1547 4774 1667 4834 bonum
1689 4791 1859 4838 commune
1874 4781 1926 4836 to-

1136 4845 1213 4908 tius.
1233 4845 1282 4906 Ex
1302 4846 1366 4908 line
1379 4853 1486 4910 autem
1506 4852 1644 4912 sumitur
1668 4853 1761 4931 quasi
1784 4853 1923 4916 formalis

1136 4925 1220 4985 ratio
1236 4924 1362 4987 nolendi
1375 4927 1454 4988 illud
1466 4929 1553 5005 quod
1572 4929 1611 4992 ad
1627 4929 1724 4992 finem
1746 4933 1922 4996 ordinatur.

1136 5001 1225 5064 Unde
1237 5003 1277 5065 ad
1290 5003 1351 5066 boe
1363 5007 1448 5084 quod
1462 5007 1580 5086 aliquis
1594 5007 1682 5072 rectd
1695 5011 1860 5074 voluntate
1876 5029 1924 5076 ve·

1137 5079 1174 5141 lit
1187 5080 1318 5160 aliquod
1330 5085 1525 5161 particulare
1538 5088 1676 5160 bonum,
1692 5095 1820 5168 oportet
1841 5087 1923 5169 quod

1137 5159 1214 5252 illud
1227 5161 1421 5239 particulare
1435 5164 1553 5224 bonum
1565 5167 1606 5228 sit
1618 5168 1752 5230 volitum
1770 5171 1924 5232 materia-

1135 5237 1221 5310 liter,
1254 5241 1373 5301 bonum
1394 5246 1503 5303 autem
1527 5261 1697 5307 commune
1719 5247 1864 5310 divinum
1885 5249 1923 5310 sit

1136 5316 1270 5381 volitum
1284 5318 1469 5381 formaliter.

1176 5395 1332 5489 Voluptas
1360 5398 1457 5478 igitur
1478 5399 1621 5465 bumana
1642 5407 1770 5466 tenetur
1792 5404 1922 5468 conlor·
1956 5473 1961 5487 ¹

1137 5490 1218 5536 marr
1240 5473 1354 5538 drvrnae
1373 5479 1532 5540 voluntati
1555 5480 1588 5541 in
1609 5482 1708 5546 volito
1730 5483 1920 5555 formalitert

296 5588 416 5632 mmm„
1136 5555 1264 5614 tenetur
1277 5555 1361 5616 enim
1375 5559 1456 5622 velle
1479 5559 1598 5621 bonum
1619 5560 1764 5625 ditinum
1784 5571 1816 5628 et
1837 5583 1922 5628 eom·

331 5645 371 5720 (2)
390 5647 446 5704 lloe
459 5655 642 5718 argtrmcntnm
653 5645 725 5702 deest
742 5647 767 5700 in
778 5645 964 5718 editdicelat,
977 5662 1084 5709 errante
1135 5633 1430 5790 ffiffissfficsesfflpnffl
1460 5639 1682 5716 materiamen
1709 5645 1835 5707 Γῧῑῑθῦθ
1858 5645 1921 5724 lam
2013 5593 2015 5676 γ

1129 5792 1136 5806 ’
1177 5789 1237 5852 Sed
1260 5795 1363 5854 taenea
1389 5793 1545 5870 quanldm
1570 5798 1608 5861 ad
1629 5802 1919 5880 utrumquealiqno
2014 5793 2015 5850 l

2013 5983 2015 6102 l

2013 6177 2015 6244 l

293 5720 381 5790 prelo.
397 5717 509 5772 babetur
522 5717 593 5770 enlm
608 5718 664 5786 rjus
679 5718 785 5772 solutio.

332 5787 371 5859 td)
392 5789 446 5855 bt,
460 5786 605 5857 requiritur.
