<?xml version="1.0" encoding="UTF-8"?>
<!DOCTYPE html PUBLIC "-//W3C//DTD XHTML 1.0 Transitional//EN"
    "http://www.w3.org/TR/xhtml1/DTD/xhtml1-transitional.dtd">
<html xmlns="http://www.w3.org/1999/xhtml" xml:lang="en" lang="en">
 <head>
  <title>
</title>
<meta http-equiv="Content-Type" content="text/html;charset=utf-8" />
  <meta name='ocr-system' content='tesseract 3.04.00' />
  <meta name='ocr-capabilities' content='ocr_page ocr_carea ocr_par ocr_line ocrx_word'/>
</head>
<body>
  <div class='ocr_page' id='page_1' title='image "./divithomaeaquin02rubegoog_0144.png"; bbox 0 0 4008 6340; ppageno 0'>
   <div class='ocr_carea' id='block_1_1' title="bbox 136 281 1781 360">
    <p class='ocr_par' dir='ltr' id='par_1_1' title="bbox 136 281 1781 360">
     <span class='ocr_line' id='line_1_1' title="bbox 136 281 1781 360; baseline -0.01 -4"><span class='ocrx_word' id='word_1_1' title='bbox 136 295 189 356; x_wconf 84' lang='grc' dir='ltr'><strong><em>ιιι</em></strong></span> <span class='ocrx_word' id='word_1_2' title='bbox 427 287 563 360; x_wconf 78' lang='lat' dir='ltr'><strong><em>ausser.</em></strong></span> <span class='ocrx_word' id='word_1_3' title='bbox 584 285 691 344; x_wconf 83' lang='lat' dir='ltr'><strong><em>xxxv.</em></strong></span> <span class='ocrx_word' id='word_1_4' title='bbox 712 287 756 344; x_wconf 85' lang='lat' dir='ltr'><strong><em>ns</em></strong></span> <span class='ocrx_word' id='word_1_5' title='bbox 775 283 912 342; x_wconf 83' lang='lat' dir='ltr'><strong><em>nocens</em></strong></span> <span class='ocrx_word' id='word_1_6' title='bbox 933 283 975 340; x_wconf 85' lang='lat' dir='ltr'><strong><em>rr</em></strong></span> <span class='ocrx_word' id='word_1_7' title='bbox 996 281 1163 340; x_wconf 81' lang='lat' dir='ltr'><strong><em>rnrsnnr</em></strong></span> <span class='ocrx_word' id='word_1_8' title='bbox 1183 285 1369 348; x_wconf 82' lang='lat' dir='ltr'><strong><em>secuuntur</em></strong></span> <span class='ocrx_word' id='word_1_9' title='bbox 1389 289 1441 348; x_wconf 85' lang='lat' dir='ltr'><strong><em>sn.</em></strong></span> <span class='ocrx_word' id='word_1_10' title='bbox 1715 293 1781 352; x_wconf 68' lang='lat' dir='ltr'><strong><em>m-</em></strong></span> 
     </span>
    </p>
   </div>
   <div class='ocr_carea' id='block_1_2' title="bbox 83 399 1773 3156">
    <p class='ocr_par' dir='ltr' id='par_1_2' title="bbox 83 399 1773 3156">
     <span class='ocr_line' id='line_1_2' title="bbox 135 399 1773 489; baseline 0.001 -16"><span class='ocrx_word' id='word_1_11' title='bbox 135 411 232 474; x_wconf 90' lang='lat' dir='ltr'><strong><em>rnalo.</em></strong></span> <span class='ocrx_word' id='word_1_12' title='bbox 253 405 313 471; x_wconf 84' lang='lat' dir='ltr'><strong><em>Sed</em></strong></span> <span class='ocrx_word' id='word_1_13' title='bbox 333 405 462 470; x_wconf 88' lang='lat' dir='ltr'><strong><em>tristitia</em></strong></span> <span class='ocrx_word' id='word_1_14' title='bbox 482 408 589 487; x_wconf 90' lang='lat' dir='ltr'><strong><em>potest</em></strong></span> <span class='ocrx_word' id='word_1_15' title='bbox 610 421 681 468; x_wconf 90' lang='lat' dir='ltr'><strong><em>esse</em></strong></span> <span class='ocrx_word' id='word_1_16' title='bbox 703 403 742 466; x_wconf 92' lang='lat' dir='ltr'><strong><em>de</em></strong></span> <span class='ocrx_word' id='word_1_17' title='bbox 763 401 923 483; x_wconf 80' lang='lat' dir='ltr'><strong><em>preterito</em></strong></span> <span class='ocrx_word' id='word_1_18' title='bbox 978 399 1077 480; x_wconf 80' lang='lat' dir='ltr'><strong><em>quim</em></strong></span> <span class='ocrx_word' id='word_1_19' title='bbox 1090 401 1181 464; x_wconf 89' lang='lat' dir='ltr'><strong><em>dolor</em></strong></span> <span class='ocrx_word' id='word_1_20' title='bbox 1193 403 1382 482; x_wconf 92' lang='lat' dir='ltr'><strong><em>corporalis.</em></strong></span> <span class='ocrx_word' id='word_1_21' title='bbox 1398 403 1429 467; x_wconf 88' lang='lat' dir='ltr'><strong><em>Si</em></strong></span> <span class='ocrx_word' id='word_1_22' title='bbox 1443 405 1520 469; x_wconf 87' lang='lat' dir='ltr'><strong><em>rcrh</em></strong></span> <span class='ocrx_word' id='word_1_23' title='bbox 1530 406 1622 470; x_wconf 93' lang='lat' dir='ltr'><strong><em>dolor</em></strong></span> <span class='ocrx_word' id='word_1_24' title='bbox 1633 409 1773 489; x_wconf 80' lang='lat' dir='ltr'><strong><em>accipia-</em></strong></span> 
     </span>
     <span class='ocr_line' id='line_1_3' title="bbox 134 480 1772 566; baseline 0.001 -15"><span class='ocrx_word' id='word_1_25' title='bbox 134 495 167 552; x_wconf 89' lang='lat' dir='ltr'><strong><em>et</em></strong></span> <span class='ocrx_word' id='word_1_26' title='bbox 180 489 219 550; x_wconf 90' lang='lat' dir='ltr'><strong><em>de</em></strong></span> <span class='ocrx_word' id='word_1_27' title='bbox 233 488 361 561; x_wconf 89' lang='lat' dir='ltr'><strong><em>iuturo;</em></strong></span> <span class='ocrx_word' id='word_1_28' title='bbox 378 487 461 549; x_wconf 89' lang='lat' dir='ltr'><strong><em>sicut</em></strong></span> <span class='ocrx_word' id='word_1_29' title='bbox 475 483 659 566; x_wconf 75' lang='lat' dir='ltr'><strong><em>penitentia</em></strong></span> <span class='ocrx_word' id='word_1_30' title='bbox 676 487 724 545; x_wconf 89' lang='lat' dir='ltr'><strong><em>est</em></strong></span> <span class='ocrx_word' id='word_1_31' title='bbox 741 483 869 544; x_wconf 72' lang='lat' dir='ltr'><strong>tristitia</strong></span> <span class='ocrx_word' id='word_1_32' title='bbox 885 480 924 544; x_wconf 91' lang='lat' dir='ltr'><strong><em>de</em></strong></span> <span class='ocrx_word' id='word_1_33' title='bbox 978 485 1031 540; x_wconf 89' lang='lat' dir='ltr'><strong><em>tur</em></strong></span> <span class='ocrx_word' id='word_1_34' title='bbox 1044 481 1275 557; x_wconf 89' lang='lat' dir='ltr'><strong><em>communiter,</em></strong></span> <span class='ocrx_word' id='word_1_35' title='bbox 1298 484 1345 546; x_wconf 93' lang='lat' dir='ltr'><strong><em>sic</em></strong></span> <span class='ocrx_word' id='word_1_36' title='bbox 1367 491 1416 548; x_wconf 89' lang='lat' dir='ltr'><strong><em>est</em></strong></span> <span class='ocrx_word' id='word_1_37' title='bbox 1438 501 1540 566; x_wconf 77' lang='lat' dir='ltr'><strong><em>genus</em></strong></span> <span class='ocrx_word' id='word_1_38' title='bbox 1559 486 1715 564; x_wconf 77' lang='lat' dir='ltr'><strong><em>tristitie,</em></strong></span> <span class='ocrx_word' id='word_1_39' title='bbox 1735 495 1772 552; x_wconf 90' lang='lat' dir='ltr'><strong><em>ul</em></strong></span> 
     </span>
     <span class='ocr_line' id='line_1_4' title="bbox 134 558 1385 648; baseline -0.004 -18"><span class='ocrx_word' id='word_1_40' title='bbox 134 567 308 648; x_wconf 77' lang='lat' dir='ltr'><strong><em>preterito,</em></strong></span> <span class='ocrx_word' id='word_1_41' title='bbox 325 571 358 628; x_wconf 89' lang='lat' dir='ltr'><strong><em>et</em></strong></span> <span class='ocrx_word' id='word_1_42' title='bbox 370 566 517 628; x_wconf 89' lang='lat' dir='ltr'><strong><em>anxietas</em></strong></span> <span class='ocrx_word' id='word_1_43' title='bbox 532 564 704 626; x_wconf 81' lang='lat' dir='ltr'><strong><em>defuturo.</em></strong></span> <span class='ocrx_word' id='word_1_44' title='bbox 719 561 804 642; x_wconf 81' lang='lat' dir='ltr'><strong><em>Ergo</em></strong></span> <span class='ocrx_word' id='word_1_45' title='bbox 819 561 925 622; x_wconf 89' lang='lat' dir='ltr'><strong><em>tristi·</em></strong></span> <span class='ocrx_word' id='word_1_46' title='bbox 977 558 1096 620; x_wconf 90' lang='lat' dir='ltr'><strong><em>dictum</em></strong></span> <span class='ocrx_word' id='word_1_47' title='bbox 1111 565 1160 622; x_wconf 90' lang='lat' dir='ltr'><strong><em>est</em></strong></span> <span class='ocrx_word' id='word_1_48' title='bbox 1173 562 1206 621; x_wconf 93' lang='lat' dir='ltr'><strong><em>in</em></strong></span> <span class='ocrx_word' id='word_1_49' title='bbox 1222 579 1309 642; x_wconf 93' lang='lat' dir='ltr'><strong><em>corp.</em></strong></span> <span class='ocrx_word' id='word_1_50' title='bbox 1324 567 1385 625; x_wconf 91' lang='lat' dir='ltr'><strong><em>art.</em></strong></span> 
     </span>
     <span class='ocr_line' id='line_1_5' title="bbox 134 639 1771 709; baseline 0 -1"><span class='ocrx_word' id='word_1_51' title='bbox 134 647 178 708; x_wconf 87' lang='lat' dir='ltr'><strong><em>tia</em></strong></span> <span class='ocrx_word' id='word_1_52' title='bbox 197 643 329 707; x_wconf 86' lang='lat' dir='ltr'><strong><em>omnind</em></strong></span> <span class='ocrx_word' id='word_1_53' title='bbox 345 645 366 708; x_wconf 82' lang='lat' dir='ltr'><strong><em>d</em></strong></span> <span class='ocrx_word' id='word_1_54' title='bbox 382 645 492 706; x_wconf 92' lang='lat' dir='ltr'><strong><em>dolore</em></strong></span> <span class='ocrx_word' id='word_1_55' title='bbox 509 643 623 705; x_wconf 86' lang='lat' dir='ltr'><strong><em>dillert.</em></strong></span> <span class='ocrx_word' id='word_1_56' title='bbox 978 641 1158 700; x_wconf 78' lang='lat' dir='ltr'><strong><em>Asrrcutus</em></strong></span> <span class='ocrx_word' id='word_1_57' title='bbox 1172 657 1220 699; x_wconf 90' lang='grc' dir='ltr'><strong>ιιι.</strong></span> <span class='ocrx_word' id='word_1_58' title='bbox 1232 673 1269 686; x_wconf 90' lang='grc'><strong>-</strong></span> <span class='ocrx_word' id='word_1_59' title='bbox 1282 639 1394 702; x_wconf 72' lang='lat' dir='ltr'><strong><em>titulat</em></strong></span> <span class='ocrx_word' id='word_1_60' title='bbox 1407 641 1538 705; x_wconf 71' lang='lat' dir='ltr'><strong><em>tristitia</em></strong></span> <span class='ocrx_word' id='word_1_61' title='bbox 1549 645 1591 706; x_wconf 84' lang='lat' dir='ltr'><strong><em>sit</em></strong></span> <span class='ocrx_word' id='word_1_62' title='bbox 1608 647 1771 709; x_wconf 81' lang='lat' dir='ltr'><strong><em>contraria</em></strong></span> 
     </span>
     <span class='ocr_line' id='line_1_6' title="bbox 83 715 1773 804; baseline -0.005 -14"><span class='ocrx_word' id='word_1_63' title='bbox 83 782 87 791; x_wconf 94' lang='lat'><strong><em>.</em></strong></span> <span class='ocrx_word' id='word_1_64' title='bbox 172 723 204 786; x_wconf 87' lang='grc'><strong><em>3.</em></strong></span> <span class='ocrx_word' id='word_1_65' title='bbox 222 726 396 797; x_wconf 77' lang='lat' dir='ltr'><strong><em>Praeterea,</em></strong></span> <span class='ocrx_word' id='word_1_66' title='bbox 418 724 510 785; x_wconf 89' lang='lat' dir='ltr'><strong><em>dolor</em></strong></span> <span class='ocrx_word' id='word_1_67' title='bbox 531 739 595 784; x_wconf 91' lang='lat' dir='ltr'><strong><em>non</em></strong></span> <span class='ocrx_word' id='word_1_68' title='bbox 620 719 747 784; x_wconf 84' lang='lat' dir='ltr'><strong><em>videtur</em></strong></span> <span class='ocrx_word' id='word_1_69' title='bbox 772 715 927 797; x_wconf 82' lang='lat' dir='ltr'><strong>consequi</strong></span> <span class='ocrx_word' id='word_1_70' title='bbox 1018 715 1334 802; x_wconf 74' lang='lat' dir='ltr'><strong><em>delectationi-(i,</em></strong></span> <span class='ocrx_word' id='word_1_71' title='bbox 1349 720 1648 804; x_wconf 65' lang='lat' dir='ltr'><strong><em>discuteremus,</em></strong></span> <span class='ocrx_word' id='word_1_72' title='bbox 1663 725 1773 800; x_wconf 85' lang='grc' dir='ltr'><strong>ινι.3,</strong></span> 
     </span>
     <span class='ocr_line' id='line_1_7' title="bbox 131 796 1181 934; baseline -0.006 -69"><span class='ocrx_word' id='word_1_73' title='bbox 131 802 196 865; x_wconf 91' lang='lat' dir='ltr'><strong><em>nisi</em></strong></span> <span class='ocrx_word' id='word_1_74' title='bbox 214 820 346 866; x_wconf 89' lang='lat' dir='ltr'><strong><em>sensum</em></strong></span> <span class='ocrx_word' id='word_1_75' title='bbox 360 802 477 865; x_wconf 81' lang='lat' dir='ltr'><strong><em>tactus.</em></strong></span> <span class='ocrx_word' id='word_1_76' title='bbox 499 801 559 864; x_wconf 90' lang='lat' dir='ltr'><strong><em>Sed</em></strong></span> <span class='ocrx_word' id='word_1_77' title='bbox 577 799 705 862; x_wconf 82' lang='lat' dir='ltr'><strong><em>tristitia</em></strong></span> <span class='ocrx_word' id='word_1_78' title='bbox 725 802 831 878; x_wconf 90' lang='lat' dir='ltr'><strong><em>potest</em></strong></span> <span class='ocrx_word' id='word_1_79' title='bbox 846 815 922 859; x_wconf 86' lang='lat' dir='ltr'><strong><em>eon·</em></strong></span> <span class='ocrx_word' id='word_1_80' title='bbox 1017 805 1123 934; x_wconf 44' lang='lat' dir='ltr'><strong><em>anast.</em></strong></span> <span class='ocrx_word' id='word_1_81' title='bbox 1138 796 1181 874; x_wconf 85' lang='grc' dir='ltr'><strong><em>ι.)</em></strong></span> 
     </span>
     <span class='ocr_line' id='line_1_8' title="bbox 131 875 1771 972; baseline -0.001 -28"><span class='ocrx_word' id='word_1_82' title='bbox 131 882 227 959; x_wconf 87' lang='lat' dir='ltr'><strong><em>sequi</em></strong></span> <span class='ocrx_word' id='word_1_83' title='bbox 256 900 298 945; x_wconf 88' lang='lat' dir='ltr'><strong><em>ex</em></strong></span> <span class='ocrx_word' id='word_1_84' title='bbox 325 881 474 944; x_wconf 91' lang='lat' dir='ltr'><strong><em>omnibus</em></strong></span> <span class='ocrx_word' id='word_1_85' title='bbox 499 879 659 943; x_wconf 79' lang='lat' dir='ltr'><strong><em>sensibus.</em></strong></span> <span class='ocrx_word' id='word_1_86' title='bbox 685 879 771 958; x_wconf 83' lang='lat' dir='ltr'><strong><em>Ergo</em></strong></span> <span class='ocrx_word' id='word_1_87' title='bbox 798 876 926 938; x_wconf 81' lang='lat' dir='ltr'><strong><em>tristitia</em></strong></span> <span class='ocrx_word' id='word_1_88' title='bbox 1046 875 1206 937; x_wconf 90' lang='lat' dir='ltr'><strong><em>dtertium</em></strong></span> <span class='ocrx_word' id='word_1_89' title='bbox 1223 877 1268 940; x_wconf 91' lang='lat' dir='ltr'><strong><em>sic</em></strong></span> <span class='ocrx_word' id='word_1_90' title='bbox 1284 878 1478 972; x_wconf 80' lang='lat' dir='ltr'><strong><em>proceditur.</em></strong></span> <span class='ocrx_word' id='word_1_91' title='bbox 1495 880 1771 960; x_wconf 83' lang='lat' dir='ltr'><strong><em>1.vtueturqut›u</em></strong></span> 
     </span>
     <span class='ocr_line' id='line_1_9' title="bbox 130 951 1770 1035; baseline 0.001 -14"><span class='ocrx_word' id='word_1_92' title='bbox 130 973 199 1022; x_wconf 90' lang='lat' dir='ltr'><strong><em>non</em></strong></span> <span class='ocrx_word' id='word_1_93' title='bbox 215 964 264 1023; x_wconf 90' lang='lat' dir='ltr'><strong><em>est</em></strong></span> <span class='ocrx_word' id='word_1_94' title='bbox 279 961 386 1035; x_wconf 91' lang='lat' dir='ltr'><strong><em>dolor,</em></strong></span> <span class='ocrx_word' id='word_1_95' title='bbox 405 959 461 1022; x_wconf 90' lang='lat' dir='ltr'><strong><em>sed</em></strong></span> <span class='ocrx_word' id='word_1_96' title='bbox 474 979 508 1022; x_wconf 89' lang='lat' dir='ltr'><strong><em>se</em></strong></span> <span class='ocrx_word' id='word_1_97' title='bbox 522 959 619 1022; x_wconf 88' lang='lat' dir='ltr'><strong><em>habet</em></strong></span> <span class='ocrx_word' id='word_1_98' title='bbox 635 959 668 1018; x_wconf 95' lang='lat' dir='ltr'><strong><em>in</em></strong></span> <span class='ocrx_word' id='word_1_99' title='bbox 684 955 844 1035; x_wconf 88' lang='lat' dir='ltr'><strong><em>pluribus.</em></strong></span> <span class='ocrx_word' id='word_1_100' title='bbox 978 951 1071 1014; x_wconf 88' lang='lat' dir='ltr'><strong><em>dolor</em></strong></span> <span class='ocrx_word' id='word_1_101' title='bbox 1093 953 1294 1018; x_wconf 75' lang='lat' dir='ltr'><strong><em>delectationi</em></strong></span> <span class='ocrx_word' id='word_1_102' title='bbox 1321 973 1386 1018; x_wconf 92' lang='lat' dir='ltr'><strong><em>non</em></strong></span> <span class='ocrx_word' id='word_1_103' title='bbox 1413 959 1639 1021; x_wconf 89' lang='lat' dir='ltr'><strong><em>contrarietur.</em></strong></span> <span class='ocrx_word' id='word_1_104' title='bbox 1665 960 1770 1022; x_wconf 80' lang='lat' dir='ltr'><strong><em>Ununs</em></strong></span> 
     </span>
     <span class='ocr_line' id='line_1_10' title="bbox 168 1031 1769 1119; baseline -0.001 -19"><span class='ocrx_word' id='word_1_105' title='bbox 168 1037 233 1100; x_wconf 87' lang='lat' dir='ltr'><strong><em>Sed</em></strong></span> <span class='ocrx_word' id='word_1_106' title='bbox 262 1043 374 1102; x_wconf 88' lang='lat' dir='ltr'><strong><em>eontra</em></strong></span> <span class='ocrx_word' id='word_1_107' title='bbox 399 1037 559 1119; x_wconf 89' lang='lat' dir='ltr'><strong><em>estquod</em></strong></span> <span class='ocrx_word' id='word_1_108' title='bbox 585 1038 612 1098; x_wconf 84' lang='lat' dir='ltr'><strong><em>ll</em></strong></span> <span class='ocrx_word' id='word_1_109' title='bbox 635 1037 757 1098; x_wconf 89' lang='lat' dir='ltr'><strong><em>ostolus</em></strong></span> <span class='ocrx_word' id='word_1_110' title='bbox 784 1034 859 1095; x_wconf 90' lang='lat' dir='ltr'><strong><em>dicit</em></strong></span> <span class='ocrx_word' id='word_1_111' title='bbox 886 1034 924 1095; x_wconf 87' lang='lat' dir='ltr'><strong><em>ad</em></strong></span> <span class='ocrx_word' id='word_1_112' title='bbox 978 1031 1063 1092; x_wconf 90' lang='lat' dir='ltr'><strong><em>enim</em></strong></span> <span class='ocrx_word' id='word_1_113' title='bbox 1079 1035 1315 1097; x_wconf 89' lang='lat' dir='ltr'><strong><em>contrariorum</em></strong></span> <span class='ocrx_word' id='word_1_114' title='bbox 1339 1053 1404 1097; x_wconf 92' lang='lat' dir='ltr'><strong><em>non</em></strong></span> <span class='ocrx_word' id='word_1_115' title='bbox 1431 1040 1480 1099; x_wconf 90' lang='lat' dir='ltr'><strong><em>est</em></strong></span> <span class='ocrx_word' id='word_1_116' title='bbox 1503 1054 1603 1102; x_wconf 90' lang='lat' dir='ltr'><strong><em>eausa</em></strong></span> <span class='ocrx_word' id='word_1_117' title='bbox 1623 1039 1769 1101; x_wconf 87' lang='lat' dir='ltr'><strong><em>alterius.</em></strong></span> 
     </span>
     <span class='ocr_line' id='line_1_11' title="bbox 127 1055 1768 1202; baseline 0.001 -26"><span class='ocrx_word' id='word_1_118' title='bbox 127 1115 224 1178; x_wconf 84' lang='lat' dir='ltr'><strong><em>Rom.</em></strong></span> <span class='ocrx_word' id='word_1_119' title='bbox 240 1117 271 1193; x_wconf 83' lang='lat' dir='ltr'><strong><em>s,</em></strong></span> <span class='ocrx_word' id='word_1_120' title='bbox 286 1116 307 1176; x_wconf 73' lang='lat'>2</span> <span class='ocrx_word' id='word_1_121' title='bbox 322 1137 330 1178; x_wconf 77' lang='grc' dir='ltr'><strong><em>ι</em></strong></span> <span class='ocrx_word' id='word_1_122' title='bbox 346 1117 495 1180; x_wconf 85' lang='lat' dir='ltr'><strong><em>Tristitia</em></strong></span> <span class='ocrx_word' id='word_1_123' title='bbox 508 1123 552 1178; x_wconf 90' lang='lat' dir='ltr'><strong><em>est</em></strong></span> <span class='ocrx_word' id='word_1_124' title='bbox 565 1055 642 1178; x_wconf 63' lang='lat' dir='ltr'><strong><em>miii</em></strong></span> <span class='ocrx_word' id='word_1_125' title='bbox 654 1132 784 1194; x_wconf 66' lang='lat' dir='ltr'><strong><em>mana,</em></strong></span> <span class='ocrx_word' id='word_1_126' title='bbox 801 1121 828 1172; x_wconf 83' lang='lat' dir='ltr'><strong><em>ct</em></strong></span> <span class='ocrx_word' id='word_1_127' title='bbox 845 1131 927 1174; x_wconf 85' lang='lat' dir='ltr'><strong><em>coa·</em></strong></span> <span class='ocrx_word' id='word_1_128' title='bbox 977 1109 1036 1202; x_wconf 77' lang='lat' dir='ltr'><strong><em>Sed</em></strong></span> <span class='ocrx_word' id='word_1_129' title='bbox 1055 1112 1182 1174; x_wconf 88' lang='lat' dir='ltr'><strong><em>tristitia</em></strong></span> <span class='ocrx_word' id='word_1_130' title='bbox 1197 1119 1300 1192; x_wconf 91' lang='lat' dir='ltr'><strong><em>potest</em></strong></span> <span class='ocrx_word' id='word_1_131' title='bbox 1315 1131 1385 1178; x_wconf 92' lang='lat' dir='ltr'><strong><em>esse</em></strong></span> <span class='ocrx_word' id='word_1_132' title='bbox 1408 1131 1506 1178; x_wconf 91' lang='lat' dir='ltr'><strong><em>causa</em></strong></span> <span class='ocrx_word' id='word_1_133' title='bbox 1529 1116 1768 1180; x_wconf 86' lang='lat' dir='ltr'><strong><em>delectationis:</em></strong></span> 
     </span>
     <span class='ocr_line' id='line_1_12' title="bbox 128 1186 1767 1276; baseline 0.001 -21"><span class='ocrx_word' id='word_1_134' title='bbox 128 1194 241 1256; x_wconf 73' lang='lat' dir='ltr'><strong><em>tinetas</em></strong></span> <span class='ocrx_word' id='word_1_135' title='bbox 269 1195 360 1258; x_wconf 87' lang='lat' dir='ltr'><strong><em>dolor</em></strong></span> <span class='ocrx_word' id='word_1_136' title='bbox 384 1195 473 1258; x_wconf 83' lang='lat' dir='ltr'><strong><em>cordi</em></strong></span> <span class='ocrx_word' id='word_1_137' title='bbox 495 1213 577 1264; x_wconf 80' lang='grc' dir='ltr'><strong>ιιιο,</strong></span> <span class='ocrx_word' id='word_1_138' title='bbox 606 1211 666 1274; x_wconf 93' lang='lat' dir='ltr'><strong><em>pro</em></strong></span> <span class='ocrx_word' id='word_1_139' title='bbox 690 1193 802 1255; x_wconf 88' lang='lat' dir='ltr'><strong><em>eodem</em></strong></span> <span class='ocrx_word' id='word_1_140' title='bbox 830 1193 924 1254; x_wconf 87' lang='lat' dir='ltr'><strong><em>utens</em></strong></span> <span class='ocrx_word' id='word_1_141' title='bbox 976 1186 1199 1252; x_wconf 77' lang='lat' dir='ltr'><strong><em>diciturenim</em></strong></span> <span class='ocrx_word' id='word_1_142' title='bbox 1220 1192 1385 1268; x_wconf 58' lang='lat' dir='ltr'><strong><em>Martha,</em></strong></span> <span class='ocrx_word' id='word_1_143' title='bbox 1405 1192 1554 1256; x_wconf 78' lang='lat' dir='ltr'><strong><em>tiziicati</em></strong></span> <span class='ocrx_word' id='word_1_144' title='bbox 1574 1196 1629 1276; x_wconf 81' lang='lat' dir='ltr'><strong><em>qui</em></strong></span> <span class='ocrx_word' id='word_1_145' title='bbox 1650 1194 1767 1275; x_wconf 78' lang='lat' dir='ltr'><strong><em>tepeat,</em></strong></span> 
     </span>
     <span class='ocr_line' id='line_1_13' title="bbox 126 1269 1771 1356; baseline 0.006 -30"><span class='ocrx_word' id='word_1_146' title='bbox 126 1273 262 1338; x_wconf 66' lang='grc' dir='ltr'><strong>ιήιιῑιῑι</strong></span> <span class='ocrx_word' id='word_1_147' title='bbox 279 1279 310 1336; x_wconf 68' lang='lat' dir='ltr'><strong><em>et</em></strong></span> <span class='ocrx_word' id='word_1_148' title='bbox 325 1273 447 1336; x_wconf 65' lang='lat' dir='ltr'><strong><em>dolore.</em></strong></span> <span class='ocrx_word' id='word_1_149' title='bbox 976 1269 1123 1347; x_wconf 82' lang='lat' dir='ltr'><strong><em>quoniam</em></strong></span> <span class='ocrx_word' id='word_1_150' title='bbox 1143 1269 1206 1350; x_wconf 86' lang='lat' dir='ltr'><strong><em>ipsi</em></strong></span> <span class='ocrx_word' id='word_1_151' title='bbox 1225 1269 1482 1335; x_wconf 81' lang='lat' dir='ltr'><strong><em>consotabuntur.</em></strong></span> <span class='ocrx_word' id='word_1_152' title='bbox 1504 1274 1589 1356; x_wconf 80' lang='lat' dir='ltr'><strong><em>Ergo</em></strong></span> <span class='ocrx_word' id='word_1_153' title='bbox 1610 1291 1676 1336; x_wconf 88' lang='lat' dir='ltr'><strong><em>non</em></strong></span> <span class='ocrx_word' id='word_1_154' title='bbox 1694 1281 1771 1338; x_wconf 87' lang='lat' dir='ltr'><strong><em>sunt</em></strong></span> 
     </span>
     <span class='ocr_line' id='line_1_14' title="bbox 165 1347 1453 1432; baseline -0.004 -18"><span class='ocrx_word' id='word_1_155' title='bbox 165 1353 359 1432; x_wconf 83' lang='lat' dir='ltr'><strong><em>Respondeo</em></strong></span> <span class='ocrx_word' id='word_1_156' title='bbox 387 1352 556 1416; x_wconf 86' lang='lat' dir='ltr'><strong><em>dicendum</em></strong></span> <span class='ocrx_word' id='word_1_157' title='bbox 586 1349 672 1431; x_wconf 86' lang='lat' dir='ltr'><strong><em>quhd</em></strong></span> <span class='ocrx_word' id='word_1_158' title='bbox 700 1347 870 1412; x_wconf 87' lang='lat' dir='ltr'><strong><em>delectatio</em></strong></span> <span class='ocrx_word' id='word_1_159' title='bbox 894 1352 926 1410; x_wconf 89' lang='lat' dir='ltr'><strong><em>et</em></strong></span> <span class='ocrx_word' id='word_1_160' title='bbox 977 1349 1150 1411; x_wconf 86' lang='lat' dir='ltr'><strong><em>contraria.</em></strong></span> <span class='ocrx_word' id='word_1_161' title='bbox 1449 1425 1453 1432; x_wconf 13' lang='grc' dir='ltr'><strong><em>ἢ</em></strong></span> 
     </span>
     <span class='ocr_line' id='line_1_15' title="bbox 125 1425 1769 1510; baseline 0.002 -20"><span class='ocrx_word' id='word_1_162' title='bbox 125 1429 223 1495; x_wconf 90' lang='lat' dir='ltr'><strong><em>dolor</em></strong></span> <span class='ocrx_word' id='word_1_163' title='bbox 236 1450 278 1494; x_wconf 90' lang='lat' dir='ltr'><strong><em>ex</em></strong></span> <span class='ocrx_word' id='word_1_164' title='bbox 293 1431 411 1510; x_wconf 87' lang='lat' dir='ltr'><strong><em>duplici</em></strong></span> <span class='ocrx_word' id='word_1_165' title='bbox 431 1431 687 1510; x_wconf 82' lang='lat' dir='ltr'><strong><em>apprehensione</em></strong></span> <span class='ocrx_word' id='word_1_166' title='bbox 702 1429 829 1492; x_wconf 89' lang='lat' dir='ltr'><strong><em>causari</em></strong></span> <span class='ocrx_word' id='word_1_167' title='bbox 843 1445 925 1507; x_wconf 90' lang='lat' dir='ltr'><strong><em>pos·</em></strong></span> <span class='ocrx_word' id='word_1_168' title='bbox 1015 1425 1046 1486; x_wconf 81' lang='lat'><strong><em>2.</em></strong></span> <span class='ocrx_word' id='word_1_169' title='bbox 1065 1427 1238 1502; x_wconf 78' lang='lat' dir='ltr'><strong><em>Praeterea,</em></strong></span> <span class='ocrx_word' id='word_1_170' title='bbox 1254 1447 1356 1491; x_wconf 90' lang='lat' dir='ltr'><strong><em>unum</em></strong></span> <span class='ocrx_word' id='word_1_171' title='bbox 1372 1431 1609 1494; x_wconf 87' lang='lat' dir='ltr'><strong><em>contrariorum</em></strong></span> <span class='ocrx_word' id='word_1_172' title='bbox 1624 1449 1689 1494; x_wconf 93' lang='lat' dir='ltr'><strong><em>non</em></strong></span> <span class='ocrx_word' id='word_1_173' title='bbox 1706 1433 1769 1494; x_wconf 93' lang='lat' dir='ltr'><strong><em>de-</em></strong></span> 
     </span>
     <span class='ocr_line' id='line_1_16' title="bbox 126 1505 1766 1590; baseline 0 -18"><span class='ocrx_word' id='word_1_174' title='bbox 126 1513 224 1585; x_wconf 89' lang='lat' dir='ltr'><strong><em>sunt,</em></strong></span> <span class='ocrx_word' id='word_1_175' title='bbox 244 1509 295 1574; x_wconf 86' lang='lat' dir='ltr'><strong><em>rel</em></strong></span> <span class='ocrx_word' id='word_1_176' title='bbox 314 1529 355 1572; x_wconf 89' lang='lat' dir='ltr'><strong><em>ex</em></strong></span> <span class='ocrx_word' id='word_1_177' title='bbox 376 1511 633 1590; x_wconf 86' lang='lat' dir='ltr'><strong><em>apprehensione</em></strong></span> <span class='ocrx_word' id='word_1_178' title='bbox 657 1507 826 1570; x_wconf 80' lang='lat' dir='ltr'><strong><em>exterioris</em></strong></span> <span class='ocrx_word' id='word_1_179' title='bbox 844 1524 925 1567; x_wconf 87' lang='lat' dir='ltr'><strong><em>sen·</em></strong></span> <span class='ocrx_word' id='word_1_180' title='bbox 977 1505 1122 1567; x_wconf 87' lang='lat' dir='ltr'><strong><em>nominat</em></strong></span> <span class='ocrx_word' id='word_1_181' title='bbox 1135 1505 1233 1568; x_wconf 90' lang='lat' dir='ltr'><strong><em>aliud.</em></strong></span> <span class='ocrx_word' id='word_1_182' title='bbox 1251 1507 1311 1570; x_wconf 88' lang='lat' dir='ltr'><strong><em>Sed</em></strong></span> <span class='ocrx_word' id='word_1_183' title='bbox 1329 1509 1362 1570; x_wconf 93' lang='lat' dir='ltr'><strong><em>in</em></strong></span> <span class='ocrx_word' id='word_1_184' title='bbox 1377 1511 1570 1588; x_wconf 86' lang='lat' dir='ltr'><strong><em>quibusdam</em></strong></span> <span class='ocrx_word' id='word_1_185' title='bbox 1586 1510 1654 1590; x_wconf 92' lang='lat' dir='ltr'><strong><em>ipse</em></strong></span> <span class='ocrx_word' id='word_1_186' title='bbox 1672 1511 1766 1572; x_wconf 88' lang='lat' dir='ltr'><strong><em>dolor</em></strong></span> 
     </span>
     <span class='ocr_line' id='line_1_17' title="bbox 126 1583 1768 1675; baseline 0.001 -24"><span class='ocrx_word' id='word_1_187' title='bbox 126 1588 203 1664; x_wconf 83' lang='lat' dir='ltr'><strong><em>sris,</em></strong></span> <span class='ocrx_word' id='word_1_188' title='bbox 224 1590 276 1651; x_wconf 86' lang='lat' dir='ltr'><strong><em>vel</em></strong></span> <span class='ocrx_word' id='word_1_189' title='bbox 289 1608 331 1652; x_wconf 94' lang='lat' dir='ltr'><strong><em>ex</em></strong></span> <span class='ocrx_word' id='word_1_190' title='bbox 345 1589 604 1669; x_wconf 85' lang='lat' dir='ltr'><strong><em>apprehensione</em></strong></span> <span class='ocrx_word' id='word_1_191' title='bbox 619 1587 764 1649; x_wconf 88' lang='lat' dir='ltr'><strong><em>interiori</em></strong></span> <span class='ocrx_word' id='word_1_192' title='bbox 782 1587 850 1647; x_wconf 83' lang='lat' dir='ltr'><strong><em>sive</em></strong></span> <span class='ocrx_word' id='word_1_193' title='bbox 868 1584 925 1645; x_wconf 92' lang='lat' dir='ltr'><strong><em>in-</em></strong></span> <span class='ocrx_word' id='word_1_194' title='bbox 976 1583 1035 1675; x_wconf 42' lang='lat' dir='ltr'><strong><em>vel·</em></strong></span> <span class='ocrx_word' id='word_1_195' title='bbox 1045 1584 1172 1646; x_wconf 89' lang='lat' dir='ltr'><strong><em>tristitia</em></strong></span> <span class='ocrx_word' id='word_1_196' title='bbox 1188 1593 1235 1648; x_wconf 89' lang='lat' dir='ltr'><strong><em>est</em></strong></span> <span class='ocrx_word' id='word_1_197' title='bbox 1247 1587 1454 1662; x_wconf 90' lang='lat' dir='ltr'><strong><em>delectabilis,</em></strong></span> <span class='ocrx_word' id='word_1_198' title='bbox 1471 1591 1554 1652; x_wconf 90' lang='lat' dir='ltr'><strong><em>sicut</em></strong></span> <span class='ocrx_word' id='word_1_199' title='bbox 1568 1590 1768 1670; x_wconf 80' lang='lat' dir='ltr'><strong><em>Augustinus</em></strong></span> 
     </span>
     <span class='ocr_line' id='line_1_18' title="bbox 124 1658 1768 1748; baseline 0.001 -20"><span class='ocrx_word' id='word_1_200' title='bbox 124 1666 275 1730; x_wconf 87' lang='lat' dir='ltr'><strong><em>telleciils</em></strong></span> <span class='ocrx_word' id='word_1_201' title='bbox 297 1669 365 1732; x_wconf 85' lang='lat' dir='ltr'><strong><em>sive</em></strong></span> <span class='ocrx_word' id='word_1_202' title='bbox 384 1667 635 1748; x_wconf 78' lang='lat' dir='ltr'><strong><em>imaginationis.</em></strong></span> <span class='ocrx_word' id='word_1_203' title='bbox 663 1665 801 1726; x_wconf 91' lang='lat' dir='ltr'><strong><em>interior</em></strong></span> <span class='ocrx_word' id='word_1_204' title='bbox 817 1667 924 1728; x_wconf 90' lang='lat' dir='ltr'><strong><em>autern</em></strong></span> <span class='ocrx_word' id='word_1_205' title='bbox 975 1658 1050 1722; x_wconf 86' lang='lat' dir='ltr'><strong><em>drcrt</em></strong></span> <span class='ocrx_word' id='word_1_206' title='bbox 1071 1663 1104 1724; x_wconf 93' lang='lat' dir='ltr'><strong><em>in</em></strong></span> <span class='ocrx_word' id='word_1_207' title='bbox 1124 1663 1143 1724; x_wconf 89' lang='grc'>3</span> <span class='ocrx_word' id='word_1_208' title='bbox 1164 1663 1327 1742; x_wconf 76' lang='lat' dir='ltr'><strong><em>Confess,</em></strong></span> <span class='ocrx_word' id='word_1_209' title='bbox 1347 1685 1383 1730; x_wconf 87' lang='lat' dir='ltr'><strong><em>ca</em></strong></span> <span class='ocrx_word' id='word_1_210' title='bbox 1411 1667 1471 1742; x_wconf 71' lang='lat'><strong><em>.2,</em></strong></span> <span class='ocrx_word' id='word_1_211' title='bbox 1489 1669 1522 1730; x_wconf 92' lang='lat' dir='ltr'><strong><em>in</em></strong></span> <span class='ocrx_word' id='word_1_212' title='bbox 1537 1668 1659 1746; x_wconf 78' lang='lat' dir='ltr'><strong><em>princ,</em></strong></span> <span class='ocrx_word' id='word_1_213' title='bbox 1681 1669 1768 1748; x_wconf 84' lang='lat' dir='ltr'><strong><em>quod</em></strong></span> 
     </span>
     <span class='ocr_line' id='line_1_19' title="bbox 124 1687 1767 1882; baseline 0 -74"><span class='ocrx_word' id='word_1_214' title='bbox 124 1747 344 1826; x_wconf 85' lang='lat' dir='ltr'><strong><em>apprehensio</em></strong></span> <span class='ocrx_word' id='word_1_215' title='bbox 361 1746 401 1810; x_wconf 90' lang='lat' dir='ltr'><strong><em>ad</em></strong></span> <span class='ocrx_word' id='word_1_216' title='bbox 421 1747 517 1827; x_wconf 91' lang='lat' dir='ltr'><strong><em>plura</em></strong></span> <span class='ocrx_word' id='word_1_217' title='bbox 536 1764 570 1808; x_wconf 89' lang='lat' dir='ltr'><strong><em>se</em></strong></span> <span class='ocrx_word' id='word_1_218' title='bbox 586 1745 728 1807; x_wconf 89' lang='lat' dir='ltr'><strong><em>extendit</em></strong></span> <span class='ocrx_word' id='word_1_219' title='bbox 744 1741 843 1821; x_wconf 80' lang='lat' dir='ltr'><strong><em>quam</em></strong></span> <span class='ocrx_word' id='word_1_220' title='bbox 859 1759 925 1802; x_wconf 86' lang='lat' dir='ltr'><strong><em>ex·</em></strong></span> <span class='ocrx_word' id='word_1_221' title='bbox 975 1739 1067 1801; x_wconf 88' lang='lat' dir='ltr'><strong><em>dator</em></strong></span> <span class='ocrx_word' id='word_1_222' title='bbox 1087 1741 1123 1834; x_wconf 70' lang='lat' dir='ltr'><strong><em>in</em></strong></span> <span class='ocrx_word' id='word_1_223' title='bbox 1142 1745 1326 1882; x_wconf 57' lang='lat' dir='ltr'><strong><em>egectaculis</em></strong></span> <span class='ocrx_word' id='word_1_224' title='bbox 1347 1687 1476 1808; x_wconf 46' lang='lat' dir='ltr'><strong><em>deficiat</em></strong></span> <span class='ocrx_word' id='word_1_225' title='bbox 1487 1767 1497 1816; x_wconf 91' lang='lat'><strong><em>,·</em></strong></span> <span class='ocrx_word' id='word_1_226' title='bbox 1517 1753 1548 1809; x_wconf 90' lang='lat' dir='ltr'><strong><em>et</em></strong></span> <span class='ocrx_word' id='word_1_227' title='bbox 1569 1745 1589 1808; x_wconf 80' lang='grc' dir='ltr'><strong><em>ι</em></strong></span> <span class='ocrx_word' id='word_1_228' title='bbox 1609 1747 1767 1820; x_wconf 75' lang='lat' dir='ltr'><strong><em>eontess,</em></strong></span> 
     </span>
     <span class='ocr_line' id='line_1_20' title="bbox 124 1818 1766 1906; baseline 0 -20"><span class='ocrx_word' id='word_1_229' title='bbox 124 1827 246 1899; x_wconf 88' lang='lat' dir='ltr'><strong><em>terior,</em></strong></span> <span class='ocrx_word' id='word_1_230' title='bbox 261 1825 400 1904; x_wconf 79' lang='lat' dir='ltr'><strong><em>eoquod</em></strong></span> <span class='ocrx_word' id='word_1_231' title='bbox 417 1841 629 1904; x_wconf 77' lang='lat' dir='ltr'><strong><em>quaecumque</em></strong></span> <span class='ocrx_word' id='word_1_232' title='bbox 646 1823 764 1885; x_wconf 90' lang='lat' dir='ltr'><strong><em>cadunt</em></strong></span> <span class='ocrx_word' id='word_1_233' title='bbox 779 1823 839 1882; x_wconf 91' lang='lat' dir='ltr'><strong><em>sub</em></strong></span> <span class='ocrx_word' id='word_1_234' title='bbox 859 1839 924 1882; x_wconf 86' lang='lat' dir='ltr'><strong><em>ex-</em></strong></span> <span class='ocrx_word' id='word_1_235' title='bbox 976 1834 1046 1897; x_wconf 88' lang='lat' dir='ltr'><strong><em>cap.</em></strong></span> <span class='ocrx_word' id='word_1_236' title='bbox 1060 1818 1090 1892; x_wconf 80' lang='grc' dir='ltr'><strong><em>ιι,</em></strong></span> <span class='ocrx_word' id='word_1_237' title='bbox 1108 1839 1140 1882; x_wconf 89' lang='grc' dir='ltr'><strong><em>ιιι</em></strong></span> <span class='ocrx_word' id='word_1_238' title='bbox 1175 1841 1220 1893; x_wconf 85' lang='grc' dir='ltr'><strong>ιι..</strong></span> <span class='ocrx_word' id='word_1_239' title='bbox 1235 1822 1311 1885; x_wconf 91' lang='lat' dir='ltr'><strong><em>dicit</em></strong></span> <span class='ocrx_word' id='word_1_240' title='bbox 1327 1825 1414 1903; x_wconf 83' lang='lat' dir='ltr'><strong><em>quod</em></strong></span> <span class='ocrx_word' id='word_1_241' title='bbox 1427 1825 1518 1906; x_wconf 77' lang='lat' dir='ltr'><strong><em>(ictas</em></strong></span> <span class='ocrx_word' id='word_1_242' title='bbox 1530 1843 1637 1888; x_wconf 86' lang='lat' dir='ltr'><strong><em>amora</em></strong></span> <span class='ocrx_word' id='word_1_243' title='bbox 1648 1843 1697 1887; x_wconf 82' lang='lat' dir='ltr'><strong><em>res</em></strong></span> <span class='ocrx_word' id='word_1_244' title='bbox 1710 1835 1766 1894; x_wconf 88' lang='lat' dir='ltr'><strong><em>est,</em></strong></span> 
     </span>
     <span class='ocr_line' id='line_1_21' title="bbox 124 1899 1769 1986; baseline 0.001 -22"><span class='ocrx_word' id='word_1_245' title='bbox 124 1903 239 1965; x_wconf 84' lang='lat' dir='ltr'><strong><em>teriori</em></strong></span> <span class='ocrx_word' id='word_1_246' title='bbox 254 1921 274 1967; x_wconf 85' lang='lat' dir='ltr'><strong><em>a</em></strong></span> <span class='ocrx_word' id='word_1_247' title='bbox 298 1905 530 1982; x_wconf 89' lang='lat' dir='ltr'><strong><em>prehensione‚</em></strong></span> <span class='ocrx_word' id='word_1_248' title='bbox 549 1903 667 1964; x_wconf 87' lang='lat' dir='ltr'><strong><em>cadunt</em></strong></span> <span class='ocrx_word' id='word_1_249' title='bbox 685 1902 746 1962; x_wconf 92' lang='lat' dir='ltr'><strong><em>sub</em></strong></span> <span class='ocrx_word' id='word_1_250' title='bbox 764 1899 921 1972; x_wconf 89' lang='lat' dir='ltr'><strong><em>interiori,</em></strong></span> <span class='ocrx_word' id='word_1_251' title='bbox 975 1904 1003 1956; x_wconf 86' lang='lat' dir='ltr'><strong><em>et</em></strong></span> <span class='ocrx_word' id='word_1_252' title='bbox 1019 1905 1119 1958; x_wconf 84' lang='lat' dir='ltr'><strong><em>tamen</em></strong></span> <span class='ocrx_word' id='word_1_253' title='bbox 1132 1901 1316 1982; x_wconf 80' lang='lat' dir='ltr'><strong><em>quandoque</em></strong></span> <span class='ocrx_word' id='word_1_254' title='bbox 1333 1903 1474 1966; x_wconf 83' lang='lat' dir='ltr'><strong><em>deiectat.</em></strong></span> <span class='ocrx_word' id='word_1_255' title='bbox 1488 1903 1574 1986; x_wconf 79' lang='lat' dir='ltr'><strong><em>Ergo</em></strong></span> <span class='ocrx_word' id='word_1_256' title='bbox 1592 1905 1686 1966; x_wconf 91' lang='lat' dir='ltr'><strong><em>dolor</em></strong></span> <span class='ocrx_word' id='word_1_257' title='bbox 1702 1921 1769 1966; x_wconf 94' lang='lat' dir='ltr'><strong><em>non</em></strong></span> 
     </span>
     <span class='ocr_line' id='line_1_22' title="bbox 124 1923 1419 2061; baseline -0.001 -17"><span class='ocrx_word' id='word_1_258' title='bbox 124 1981 182 2044; x_wconf 87' lang='lat' dir='ltr'><strong><em>sed</em></strong></span> <span class='ocrx_word' id='word_1_259' title='bbox 197 2000 264 2043; x_wconf 93' lang='lat' dir='ltr'><strong><em>non</em></strong></span> <span class='ocrx_word' id='word_1_260' title='bbox 276 1923 296 2044; x_wconf 57' lang='grc' dir='ltr'>ἓ</span> <span class='ocrx_word' id='word_1_261' title='bbox 308 2000 476 2046; x_wconf 82' lang='lat' dir='ltr'><strong><em>converso.</em></strong></span> <span class='ocrx_word' id='word_1_262' title='bbox 491 1981 563 2044; x_wconf 88' lang='lat' dir='ltr'><strong><em>Sola</em></strong></span> <span class='ocrx_word' id='word_1_263' title='bbox 577 1981 676 2061; x_wconf 82' lang='lat' dir='ltr'><strong><em>igitur</em></strong></span> <span class='ocrx_word' id='word_1_264' title='bbox 686 1981 741 2042; x_wconf 88' lang='lat' dir='ltr'><strong><em>illa</em></strong></span> <span class='ocrx_word' id='word_1_265' title='bbox 755 1977 922 2040; x_wconf 87' lang='lat' dir='ltr'><strong><em>delectatio</em></strong></span> <span class='ocrx_word' id='word_1_266' title='bbox 974 1977 1191 2041; x_wconf 87' lang='lat' dir='ltr'><strong><em>contrariatur</em></strong></span> <span class='ocrx_word' id='word_1_267' title='bbox 1204 1980 1419 2043; x_wconf 90' lang='lat' dir='ltr'><strong><em>delectationi.</em></strong></span> 
     </span>
     <span class='ocr_line' id='line_1_23' title="bbox 122 2054 1765 2142; baseline 0.001 -20"><span class='ocrx_word' id='word_1_268' title='bbox 122 2077 200 2138; x_wconf 76' lang='lat' dir='ltr'><strong><em>quas</em></strong></span> <span class='ocrx_word' id='word_1_269' title='bbox 226 2080 268 2124; x_wconf 91' lang='lat' dir='ltr'><strong><em>ex</em></strong></span> <span class='ocrx_word' id='word_1_270' title='bbox 295 2061 440 2124; x_wconf 86' lang='lat' dir='ltr'><strong><em>interiori</em></strong></span> <span class='ocrx_word' id='word_1_271' title='bbox 471 2059 728 2142; x_wconf 88' lang='lat' dir='ltr'><strong><em>apprehensione</em></strong></span> <span class='ocrx_word' id='word_1_272' title='bbox 757 2061 921 2126; x_wconf 85' lang='lat' dir='ltr'><strong><em>causatur,</em></strong></span> <span class='ocrx_word' id='word_1_273' title='bbox 1013 2054 1043 2114; x_wconf 90' lang='grc'><strong><em>3.</em></strong></span> <span class='ocrx_word' id='word_1_274' title='bbox 1060 2055 1234 2132; x_wconf 79' lang='grc' dir='ltr'><strong>Ριιιιιιι,</strong></span> <span class='ocrx_word' id='word_1_275' title='bbox 1252 2076 1356 2121; x_wconf 90' lang='lat' dir='ltr'><strong><em>unum</em></strong></span> <span class='ocrx_word' id='word_1_276' title='bbox 1377 2061 1613 2124; x_wconf 88' lang='lat' dir='ltr'><strong><em>contrariorum</em></strong></span> <span class='ocrx_word' id='word_1_277' title='bbox 1634 2067 1765 2124; x_wconf 89' lang='lat' dir='ltr'><strong><em>nonest</em></strong></span> 
     </span>
     <span class='ocr_line' id='line_1_24' title="bbox 122 2135 1768 2218; baseline 0.002 -18"><span class='ocrx_word' id='word_1_278' title='bbox 122 2139 276 2218; x_wconf 72' lang='lat' dir='ltr'><strong><em>paediam</em></strong></span> <span class='ocrx_word' id='word_1_279' title='bbox 298 2141 503 2214; x_wconf 88' lang='lat' dir='ltr'><strong><em>nominatur,</em></strong></span> <span class='ocrx_word' id='word_1_280' title='bbox 529 2143 565 2200; x_wconf 92' lang='lat' dir='ltr'><strong><em>ut</em></strong></span> <span class='ocrx_word' id='word_1_281' title='bbox 591 2155 691 2216; x_wconf 91' lang='lat' dir='ltr'><strong><em>snpra</em></strong></span> <span class='ocrx_word' id='word_1_282' title='bbox 718 2135 836 2198; x_wconf 89' lang='lat' dir='ltr'><strong><em>dictum</em></strong></span> <span class='ocrx_word' id='word_1_283' title='bbox 860 2139 921 2209; x_wconf 92' lang='lat' dir='ltr'><strong><em>est,</em></strong></span> <span class='ocrx_word' id='word_1_284' title='bbox 974 2135 1108 2198; x_wconf 88' lang='lat' dir='ltr'><strong><em>materia</em></strong></span> <span class='ocrx_word' id='word_1_285' title='bbox 1122 2138 1273 2210; x_wconf 89' lang='lat' dir='ltr'><strong><em>alterius,</em></strong></span> <span class='ocrx_word' id='word_1_286' title='bbox 1295 2141 1374 2216; x_wconf 86' lang='lat' dir='ltr'><strong><em>quia</em></strong></span> <span class='ocrx_word' id='word_1_287' title='bbox 1395 2141 1557 2202; x_wconf 89' lang='lat' dir='ltr'><strong><em>contraria</em></strong></span> <span class='ocrx_word' id='word_1_288' title='bbox 1579 2141 1676 2202; x_wconf 88' lang='lat' dir='ltr'><strong><em>simul</em></strong></span> <span class='ocrx_word' id='word_1_289' title='bbox 1696 2157 1768 2204; x_wconf 90' lang='lat' dir='ltr'><strong><em>esse</em></strong></span> 
     </span>
     <span class='ocr_line' id='line_1_25' title="bbox 122 2213 1767 2297; baseline 0.002 -19"><span class='ocrx_word' id='word_1_290' title='bbox 122 2223 241 2294; x_wconf 75' lang='lat' dir='ltr'><strong><em>quaest.</em></strong></span> <span class='ocrx_word' id='word_1_291' title='bbox 257 2219 307 2292; x_wconf 86' lang='lat'><strong><em>31,</em></strong></span> <span class='ocrx_word' id='word_1_292' title='bbox 323 2224 384 2282; x_wconf 86' lang='lat' dir='ltr'><strong><em>art.</em></strong></span> <span class='ocrx_word' id='word_1_293' title='bbox 397 2218 427 2294; x_wconf 90' lang='grc'><strong><em>3,</em></strong></span> <span class='ocrx_word' id='word_1_294' title='bbox 445 2223 477 2280; x_wconf 89' lang='grc' dir='ltr'><strong><em>ιι</em></strong></span> <span class='ocrx_word' id='word_1_295' title='bbox 490 2217 638 2280; x_wconf 90' lang='lat' dir='ltr'><strong><em>similiter</em></strong></span> <span class='ocrx_word' id='word_1_296' title='bbox 654 2217 709 2277; x_wconf 91' lang='lat' dir='ltr'><strong><em>ille</em></strong></span> <span class='ocrx_word' id='word_1_297' title='bbox 727 2215 815 2276; x_wconf 89' lang='lat' dir='ltr'><strong><em>solus</em></strong></span> <span class='ocrx_word' id='word_1_298' title='bbox 831 2213 922 2276; x_wconf 90' lang='lat' dir='ltr'><strong><em>dolor</em></strong></span> <span class='ocrx_word' id='word_1_299' title='bbox 975 2229 1041 2272; x_wconf 90' lang='lat' dir='ltr'><strong><em>uon</em></strong></span> <span class='ocrx_word' id='word_1_300' title='bbox 1056 2221 1202 2291; x_wconf 91' lang='lat' dir='ltr'><strong><em>possunt.</em></strong></span> <span class='ocrx_word' id='word_1_301' title='bbox 1226 2216 1285 2278; x_wconf 91' lang='lat' dir='ltr'><strong><em>Sed</em></strong></span> <span class='ocrx_word' id='word_1_302' title='bbox 1307 2217 1401 2280; x_wconf 92' lang='lat' dir='ltr'><strong><em>dolor</em></strong></span> <span class='ocrx_word' id='word_1_303' title='bbox 1417 2224 1524 2297; x_wconf 90' lang='lat' dir='ltr'><strong><em>potest</em></strong></span> <span class='ocrx_word' id='word_1_304' title='bbox 1544 2237 1616 2281; x_wconf 91' lang='lat' dir='ltr'><strong><em>esse</em></strong></span> <span class='ocrx_word' id='word_1_305' title='bbox 1630 2221 1767 2282; x_wconf 89' lang='lat' dir='ltr'><strong><em>materia</em></strong></span> 
     </span>
     <span class='ocr_line' id='line_1_26' title="bbox 121 2290 1765 2396; baseline 0.001 -39"><span class='ocrx_word' id='word_1_306' title='bbox 121 2296 183 2373; x_wconf 89' lang='lat' dir='ltr'><strong><em>qui</em></strong></span> <span class='ocrx_word' id='word_1_307' title='bbox 196 2315 238 2358; x_wconf 86' lang='lat' dir='ltr'><strong><em>ex</em></strong></span> <span class='ocrx_word' id='word_1_308' title='bbox 249 2297 508 2376; x_wconf 87' lang='lat' dir='ltr'><strong><em>apprehensione</em></strong></span> <span class='ocrx_word' id='word_1_309' title='bbox 524 2295 669 2370; x_wconf 80' lang='lat' dir='ltr'><strong><em>interiori</em></strong></span> <span class='ocrx_word' id='word_1_310' title='bbox 683 2297 848 2368; x_wconf 88' lang='lat' dir='ltr'><strong><em>causatur,</em></strong></span> <span class='ocrx_word' id='word_1_311' title='bbox 864 2310 922 2353; x_wconf 89' lang='lat' dir='ltr'><strong><em>no·</em></strong></span> <span class='ocrx_word' id='word_1_312' title='bbox 974 2290 1210 2368; x_wconf 82' lang='lat' dir='ltr'><strong><em>delectationis3</em></strong></span> <span class='ocrx_word' id='word_1_313' title='bbox 1224 2294 1300 2356; x_wconf 89' lang='lat' dir='ltr'><strong><em>dicit</em></strong></span> <span class='ocrx_word' id='word_1_314' title='bbox 1322 2297 1408 2358; x_wconf 89' lang='lat' dir='ltr'><strong><em>enirn</em></strong></span> <span class='ocrx_word' id='word_1_315' title='bbox 1432 2298 1632 2396; x_wconf 63' lang='lat' dir='ltr'><strong><em>Augustinus</em></strong></span> <span class='ocrx_word' id='word_1_316' title='bbox 1657 2299 1690 2360; x_wconf 92' lang='lat' dir='ltr'><strong><em>in</em></strong></span> <span class='ocrx_word' id='word_1_317' title='bbox 1709 2299 1765 2360; x_wconf 94' lang='lat' dir='ltr'><strong><em>lih.</em></strong></span> 
     </span>
     <span class='ocr_line' id='line_1_27' title="bbox 121 2367 1768 2457; baseline 0.002 -23"><span class='ocrx_word' id='word_1_318' title='bbox 121 2374 271 2437; x_wconf 87' lang='lat' dir='ltr'><strong><em>minatur</em></strong></span> <span class='ocrx_word' id='word_1_319' title='bbox 288 2375 431 2436; x_wconf 87' lang='lat' dir='ltr'><strong><em>tristitia.</em></strong></span> <span class='ocrx_word' id='word_1_320' title='bbox 449 2376 488 2435; x_wconf 88' lang='lat' dir='ltr'><strong><em>Et</em></strong></span> <span class='ocrx_word' id='word_1_321' title='bbox 502 2374 585 2436; x_wconf 90' lang='lat' dir='ltr'><strong><em>sicut</em></strong></span> <span class='ocrx_word' id='word_1_322' title='bbox 600 2374 655 2436; x_wconf 88' lang='lat' dir='ltr'><strong><em>illa</em></strong></span> <span class='ocrx_word' id='word_1_323' title='bbox 669 2371 836 2435; x_wconf 83' lang='lat' dir='ltr'><strong><em>delectatio</em></strong></span> <span class='ocrx_word' id='word_1_324' title='bbox 850 2389 922 2450; x_wconf 83' lang='lat' dir='ltr'><strong><em>quas</em></strong></span> <span class='ocrx_word' id='word_1_325' title='bbox 974 2367 1012 2430; x_wconf 86' lang='lat' dir='ltr'><strong><em>de</em></strong></span> <span class='ocrx_word' id='word_1_326' title='bbox 1026 2371 1151 2444; x_wconf 78' lang='lat' dir='ltr'><strong><em>Paruit,</em></strong></span> <span class='ocrx_word' id='word_1_327' title='bbox 1172 2391 1239 2451; x_wconf 91' lang='lat' dir='ltr'><strong><em>cap.</em></strong></span> <span class='ocrx_word' id='word_1_328' title='bbox 1257 2373 1306 2446; x_wconf 93' lang='grc'><strong><em>13,</em></strong></span> <span class='ocrx_word' id='word_1_329' title='bbox 1327 2376 1361 2436; x_wconf 95' lang='lat' dir='ltr'><strong><em>in</em></strong></span> <span class='ocrx_word' id='word_1_330' title='bbox 1374 2375 1429 2438; x_wconf 86' lang='lat' dir='ltr'><strong><em>nn.</em></strong></span> <span class='ocrx_word' id='word_1_331' title='bbox 1447 2395 1455 2434; x_wconf 79' lang='lat' dir='ltr'><strong><em>r</em></strong></span> <span class='ocrx_word' id='word_1_332' title='bbox 1472 2379 1597 2457; x_wconf 72' lang='lat' dir='ltr'><strong><em>seraper</em></strong></span> <span class='ocrx_word' id='word_1_333' title='bbox 1638 2377 1768 2438; x_wconf 81' lang='lat' dir='ltr'><strong><em>eniteas</em></strong></span> 
     </span>
     <span class='ocr_line' id='line_1_28' title="bbox 121 2396 1635 2540; baseline 0.003 -28"><span class='ocrx_word' id='word_1_334' title='bbox 121 2471 168 2512; x_wconf 86' lang='lat' dir='ltr'><strong><em>ex</em></strong></span> <span class='ocrx_word' id='word_1_335' title='bbox 182 2453 334 2514; x_wconf 87' lang='lat' dir='ltr'><strong><em>exteriori</em></strong></span> <span class='ocrx_word' id='word_1_336' title='bbox 348 2452 606 2530; x_wconf 89' lang='lat' dir='ltr'><strong><em>apprehensione</em></strong></span> <span class='ocrx_word' id='word_1_337' title='bbox 616 2453 780 2524; x_wconf 86' lang='lat' dir='ltr'><strong><em>causatur,</em></strong></span> <span class='ocrx_word' id='word_1_338' title='bbox 792 2449 923 2510; x_wconf 85' lang='lat' dir='ltr'><strong><em>deiecta-</em></strong></span> <span class='ocrx_word' id='word_1_339' title='bbox 974 2445 1092 2540; x_wconf 72' lang='lat' dir='ltr'><strong><em>doleat,</em></strong></span> <span class='ocrx_word' id='word_1_340' title='bbox 1112 2451 1190 2512; x_wconf 87' lang='lat' dir='ltr'><strong><em>etde</em></strong></span> <span class='ocrx_word' id='word_1_341' title='bbox 1209 2451 1317 2514; x_wconf 86' lang='lat' dir='ltr'><strong><em>dolore</em></strong></span> <span class='ocrx_word' id='word_1_342' title='bbox 1334 2453 1485 2532; x_wconf 79' lang='lat' dir='ltr'><strong><em>pendeat:</em></strong></span> <span class='ocrx_word' id='word_1_343' title='bbox 1506 2461 1538 2518; x_wconf 93' lang='lat' dir='ltr'><strong><em>et</em></strong></span> <span class='ocrx_word' id='word_1_344' title='bbox 1554 2396 1635 2517; x_wconf 66' lang='lat' dir='ltr'><strong><em>Pati</em></strong></span> 
     </span>
     <span class='ocr_line' id='line_1_29' title="bbox 123 2523 1767 2612; baseline -0.005 -22"><span class='ocrx_word' id='word_1_345' title='bbox 123 2529 174 2590; x_wconf 88' lang='lat' dir='ltr'><strong><em>tio</em></strong></span> <span class='ocrx_word' id='word_1_346' title='bbox 193 2530 321 2606; x_wconf 80' lang='lat' dir='ltr'><strong><em>quidem</em></strong></span> <span class='ocrx_word' id='word_1_347' title='bbox 335 2531 532 2600; x_wconf 88' lang='lat' dir='ltr'><strong><em>nominatur,</em></strong></span> <span class='ocrx_word' id='word_1_348' title='bbox 548 2545 612 2588; x_wconf 93' lang='lat' dir='ltr'><strong><em>non</em></strong></span> <span class='ocrx_word' id='word_1_349' title='bbox 629 2535 737 2590; x_wconf 91' lang='lat' dir='ltr'><strong><em>autem</em></strong></span> <span class='ocrx_word' id='word_1_350' title='bbox 753 2527 903 2606; x_wconf 74' lang='lat' dir='ltr'><strong><em>paediam</em></strong></span> <span class='ocrx_word' id='word_1_351' title='bbox 913 2547 923 2596; x_wconf 81' lang='lat'><strong><em>,-</em></strong></span> <span class='ocrx_word' id='word_1_352' title='bbox 975 2523 1051 2586; x_wconf 87' lang='lat' dir='ltr'><strong><em>drcrt</em></strong></span> <span class='ocrx_word' id='word_1_353' title='bbox 1065 2545 1098 2586; x_wconf 92' lang='grc' dir='ltr'><strong><em>ιιι</em></strong></span> <span class='ocrx_word' id='word_1_354' title='bbox 1111 2527 1131 2588; x_wconf 88' lang='grc'>9</span> <span class='ocrx_word' id='word_1_355' title='bbox 1142 2529 1228 2602; x_wconf 88' lang='grc' dir='ltr'><strong>Ειιι.,</strong></span> <span class='ocrx_word' id='word_1_356' title='bbox 1242 2548 1313 2609; x_wconf 79' lang='lat' dir='ltr'><strong><em>cap.</em></strong></span> <span class='ocrx_word' id='word_1_357' title='bbox 1328 2531 1359 2604; x_wconf 82' lang='grc' dir='ltr'><strong><em>ιι,</em></strong></span> <span class='ocrx_word' id='word_1_358' title='bbox 1375 2551 1459 2594; x_wconf 85' lang='lat' dir='ltr'><strong><em>vers.</em></strong></span> <span class='ocrx_word' id='word_1_359' title='bbox 1475 2533 1544 2606; x_wconf 67' lang='lat' dir='ltr'><strong><em>lin„</em></strong></span> <span class='ocrx_word' id='word_1_360' title='bbox 1560 2534 1646 2612; x_wconf 68' lang='lat' dir='ltr'><strong><em>quad</em></strong></span> <span class='ocrx_word' id='word_1_361' title='bbox 1661 2533 1767 2596; x_wconf 71' lang='lat' dir='ltr'><strong><em>econ.</em></strong></span> 
     </span>
     <span class='ocr_line' id='line_1_30' title="bbox 122 2605 1766 2694; baseline 0.005 -28"><span class='ocrx_word' id='word_1_362' title='bbox 122 2605 174 2668; x_wconf 85' lang='lat' dir='ltr'><strong><em>ita</em></strong></span> <span class='ocrx_word' id='word_1_363' title='bbox 192 2605 244 2668; x_wconf 90' lang='lat' dir='ltr'><strong><em>ille</em></strong></span> <span class='ocrx_word' id='word_1_364' title='bbox 264 2607 356 2670; x_wconf 91' lang='lat' dir='ltr'><strong><em>dolor</em></strong></span> <span class='ocrx_word' id='word_1_365' title='bbox 370 2607 426 2684; x_wconf 85' lang='lat' dir='ltr'><strong><em>qui</em></strong></span> <span class='ocrx_word' id='word_1_366' title='bbox 443 2625 484 2667; x_wconf 87' lang='lat' dir='ltr'><strong><em>ex</em></strong></span> <span class='ocrx_word' id='word_1_367' title='bbox 498 2607 651 2668; x_wconf 86' lang='lat' dir='ltr'><strong><em>exteriori</em></strong></span> <span class='ocrx_word' id='word_1_368' title='bbox 666 2605 923 2684; x_wconf 88' lang='lat' dir='ltr'><strong><em>apprehensione</em></strong></span> <span class='ocrx_word' id='word_1_369' title='bbox 974 2605 1177 2666; x_wconf 83' lang='lat' dir='ltr'><strong><em>versomatas</em></strong></span> <span class='ocrx_word' id='word_1_370' title='bbox 1188 2607 1281 2676; x_wconf 87' lang='lat' dir='ltr'><strong><em>dolet,</em></strong></span> <span class='ocrx_word' id='word_1_371' title='bbox 1297 2609 1329 2668; x_wconf 87' lang='lat' dir='ltr'><strong><em>ed</em></strong></span> <span class='ocrx_word' id='word_1_372' title='bbox 1341 2610 1600 2690; x_wconf 82' lang='lat' dir='ltr'><strong><em>qudddeiectotus</em></strong></span> <span class='ocrx_word' id='word_1_373' title='bbox 1615 2619 1670 2674; x_wconf 86' lang='lat' dir='ltr'><strong><em>est.</em></strong></span> <span class='ocrx_word' id='word_1_374' title='bbox 1681 2613 1766 2694; x_wconf 78' lang='lat' dir='ltr'><strong><em>Ergo</em></strong></span> 
     </span>
     <span class='ocr_line' id='line_1_31' title="bbox 120 2679 1655 2763; baseline 0.004 -19"><span class='ocrx_word' id='word_1_375' title='bbox 120 2691 293 2756; x_wconf 88' lang='lat' dir='ltr'><strong><em>causatur,</em></strong></span> <span class='ocrx_word' id='word_1_376' title='bbox 311 2685 498 2747; x_wconf 87' lang='lat' dir='ltr'><strong><em>nominatur</em></strong></span> <span class='ocrx_word' id='word_1_377' title='bbox 511 2685 640 2763; x_wconf 85' lang='lat' dir='ltr'><strong><em>quidem</em></strong></span> <span class='ocrx_word' id='word_1_378' title='bbox 654 2683 764 2753; x_wconf 86' lang='lat' dir='ltr'><strong><em>dator,</em></strong></span> <span class='ocrx_word' id='word_1_379' title='bbox 781 2701 845 2744; x_wconf 93' lang='lat' dir='ltr'><strong><em>non</em></strong></span> <span class='ocrx_word' id='word_1_380' title='bbox 862 2699 924 2744; x_wconf 87' lang='lat' dir='ltr'><strong><em>nu-</em></strong></span> <span class='ocrx_word' id='word_1_381' title='bbox 974 2679 1142 2744; x_wconf 86' lang='lat' dir='ltr'><strong><em>delectatie</em></strong></span> <span class='ocrx_word' id='word_1_382' title='bbox 1159 2689 1191 2746; x_wconf 88' lang='lat' dir='ltr'><strong><em>et</em></strong></span> <span class='ocrx_word' id='word_1_383' title='bbox 1206 2685 1298 2747; x_wconf 91' lang='lat' dir='ltr'><strong><em>dolor</em></strong></span> <span class='ocrx_word' id='word_1_384' title='bbox 1313 2705 1377 2748; x_wconf 93' lang='lat' dir='ltr'><strong><em>non</em></strong></span> <span class='ocrx_word' id='word_1_385' title='bbox 1393 2694 1468 2750; x_wconf 92' lang='lat' dir='ltr'><strong><em>sunt</em></strong></span> <span class='ocrx_word' id='word_1_386' title='bbox 1480 2691 1655 2752; x_wconf 87' lang='lat' dir='ltr'><strong><em>contraria.</em></strong></span> 
     </span>
     <span class='ocr_line' id='line_1_32' title="bbox 121 2759 1765 2848; baseline 0.004 -25"><span class='ocrx_word' id='word_1_387' title='bbox 121 2766 192 2824; x_wconf 86' lang='lat' dir='ltr'><strong><em>tem</em></strong></span> <span class='ocrx_word' id='word_1_388' title='bbox 208 2764 351 2826; x_wconf 87' lang='lat' dir='ltr'><strong><em>tristitia.</em></strong></span> <span class='ocrx_word' id='word_1_389' title='bbox 368 2761 419 2824; x_wconf 89' lang='lat' dir='ltr'><strong><em>Sic</em></strong></span> <span class='ocrx_word' id='word_1_390' title='bbox 438 2763 534 2844; x_wconf 82' lang='lat' dir='ltr'><strong><em>igitur</em></strong></span> <span class='ocrx_word' id='word_1_391' title='bbox 556 2761 689 2823; x_wconf 85' lang='lat' dir='ltr'><strong><em>tristitia</em></strong></span> <span class='ocrx_word' id='word_1_392' title='bbox 706 2765 754 2823; x_wconf 92' lang='lat' dir='ltr'><strong><em>est</em></strong></span> <span class='ocrx_word' id='word_1_393' title='bbox 777 2761 922 2840; x_wconf 80' lang='lat' dir='ltr'><strong><em>quaedam</em></strong></span> <span class='ocrx_word' id='word_1_394' title='bbox 1014 2759 1075 2821; x_wconf 89' lang='lat' dir='ltr'><strong><em>Sed</em></strong></span> <span class='ocrx_word' id='word_1_395' title='bbox 1097 2767 1208 2826; x_wconf 85' lang='lat' dir='ltr'><strong><em>contra</em></strong></span> <span class='ocrx_word' id='word_1_396' title='bbox 1232 2769 1280 2825; x_wconf 89' lang='lat' dir='ltr'><strong><em>est</em></strong></span> <span class='ocrx_word' id='word_1_397' title='bbox 1304 2767 1390 2843; x_wconf 89' lang='lat' dir='ltr'><strong><em>quod</em></strong></span> <span class='ocrx_word' id='word_1_398' title='bbox 1406 2768 1607 2848; x_wconf 79' lang='lat' dir='ltr'><strong><em>Augustinus</em></strong></span> <span class='ocrx_word' id='word_1_399' title='bbox 1629 2769 1714 2843; x_wconf 89' lang='lat' dir='ltr'><strong><em>dicii,</em></strong></span> <span class='ocrx_word' id='word_1_400' title='bbox 1727 2767 1765 2831; x_wconf 80' lang='lat' dir='ltr'><strong><em>tt</em></strong></span> 
     </span>
     <span class='ocr_line' id='line_1_33' title="bbox 121 2835 1766 2924; baseline 0.004 -21"><span class='ocrx_word' id='word_1_401' title='bbox 121 2843 249 2918; x_wconf 81' lang='lat' dir='ltr'><strong><em>species</em></strong></span> <span class='ocrx_word' id='word_1_402' title='bbox 262 2842 393 2916; x_wconf 89' lang='lat' dir='ltr'><strong><em>doloris,</em></strong></span> <span class='ocrx_word' id='word_1_403' title='bbox 411 2842 494 2904; x_wconf 90' lang='lat' dir='ltr'><strong><em>sicui</em></strong></span> <span class='ocrx_word' id='word_1_404' title='bbox 506 2841 660 2921; x_wconf 79' lang='lat' dir='ltr'><strong><em>gaudium</em></strong></span> <span class='ocrx_word' id='word_1_405' title='bbox 675 2845 723 2902; x_wconf 89' lang='lat' dir='ltr'><strong><em>est</em></strong></span> <span class='ocrx_word' id='word_1_406' title='bbox 737 2840 922 2919; x_wconf 88' lang='lat' dir='ltr'><strong><em>speeiesde-</em></strong></span> <span class='ocrx_word' id='word_1_407' title='bbox 974 2835 1013 2898; x_wconf 92' lang='lat' dir='ltr'><strong><em>de</em></strong></span> <span class='ocrx_word' id='word_1_408' title='bbox 1025 2837 1092 2900; x_wconf 85' lang='lat' dir='ltr'><strong><em>Cir.</em></strong></span> <span class='ocrx_word' id='word_1_409' title='bbox 1105 2841 1182 2914; x_wconf 88' lang='lat' dir='ltr'><strong><em>Dei,</em></strong></span> <span class='ocrx_word' id='word_1_410' title='bbox 1207 2859 1278 2922; x_wconf 90' lang='lat' dir='ltr'><strong><em>cap.</em></strong></span> <span class='ocrx_word' id='word_1_411' title='bbox 1292 2845 1322 2916; x_wconf 91' lang='grc'><strong><em>6,</em></strong></span> <span class='ocrx_word' id='word_1_412' title='bbox 1350 2845 1382 2906; x_wconf 93' lang='lat' dir='ltr'><strong><em>in</em></strong></span> <span class='ocrx_word' id='word_1_413' title='bbox 1397 2845 1522 2924; x_wconf 79' lang='lat' dir='ltr'><strong><em>prino,</em></strong></span> <span class='ocrx_word' id='word_1_414' title='bbox 1546 2847 1632 2924; x_wconf 84' lang='lat' dir='ltr'><strong><em>qudd</em></strong></span> <span class='ocrx_word' id='word_1_415' title='bbox 1654 2846 1766 2910; x_wconf 84' lang='lat' dir='ltr'><strong><em>ioetitio</em></strong></span> 
     </span>
     <span class='ocr_line' id='line_1_34' title="bbox 120 2917 1767 3006; baseline 0.005 -26"><span class='ocrx_word' id='word_1_416' title='bbox 120 2919 318 2982; x_wconf 88' lang='lat' dir='ltr'><strong><em>lectationis.</em></strong></span> <span class='ocrx_word' id='word_1_417' title='bbox 974 2923 1018 2976; x_wconf 85' lang='lat' dir='ltr'><strong><em>est</em></strong></span> <span class='ocrx_word' id='word_1_418' title='bbox 1033 2917 1179 2980; x_wconf 82' lang='lat' dir='ltr'><strong><em>voluntas</em></strong></span> <span class='ocrx_word' id='word_1_419' title='bbox 1194 2920 1229 2980; x_wconf 84' lang='lat' dir='ltr'><strong><em>ia</em></strong></span> <span class='ocrx_word' id='word_1_420' title='bbox 1245 2939 1350 2984; x_wconf 88' lang='lat' dir='ltr'><strong><em>eoram</em></strong></span> <span class='ocrx_word' id='word_1_421' title='bbox 1368 2925 1568 2986; x_wconf 82' lang='lat' dir='ltr'><strong><em>consensione</em></strong></span> <span class='ocrx_word' id='word_1_422' title='bbox 1588 2943 1655 3006; x_wconf 79' lang='lat' dir='ltr'><strong><em>qua</em></strong></span> <span class='ocrx_word' id='word_1_423' title='bbox 1672 2927 1767 2988; x_wconf 61' lang='lat' dir='ltr'><strong><em>noia</em></strong></span> 
     </span>
     <span class='ocr_line' id='line_1_35' title="bbox 165 2995 1766 3078; baseline 0.005 -18"><span class='ocrx_word' id='word_1_424' title='bbox 165 2997 211 3060; x_wconf 80' lang='lat' dir='ltr'><strong><em>Ad</em></strong></span> <span class='ocrx_word' id='word_1_425' title='bbox 227 2999 367 3077; x_wconf 89' lang='lat' dir='ltr'><strong><em>primum</em></strong></span> <span class='ocrx_word' id='word_1_426' title='bbox 382 3015 459 3078; x_wconf 77' lang='lat' dir='ltr'><strong><em>ergo</em></strong></span> <span class='ocrx_word' id='word_1_427' title='bbox 473 2997 641 3058; x_wconf 89' lang='lat' dir='ltr'><strong><em>dicendum</em></strong></span> <span class='ocrx_word' id='word_1_428' title='bbox 656 2995 742 3074; x_wconf 83' lang='lat' dir='ltr'><strong><em>quod</em></strong></span> <span class='ocrx_word' id='word_1_429' title='bbox 761 2995 922 3076; x_wconf 78' lang='lat' dir='ltr'><strong><em>Augusti·</em></strong></span> <span class='ocrx_word' id='word_1_430' title='bbox 971 3011 1059 3064; x_wconf 72' lang='lat' dir='ltr'><strong><em>muer</em></strong></span> <span class='ocrx_word' id='word_1_431' title='bbox 1076 2997 1209 3060; x_wconf 85' lang='lat' dir='ltr'><strong><em>tristitia</em></strong></span> <span class='ocrx_word' id='word_1_432' title='bbox 1221 3009 1322 3062; x_wconf 78' lang='lat' dir='ltr'><strong><em>eatan</em></strong></span> <span class='ocrx_word' id='word_1_433' title='bbox 1336 3011 1378 3062; x_wconf 84' lang='lat' dir='ltr'><strong><em>cst</em></strong></span> <span class='ocrx_word' id='word_1_434' title='bbox 1393 3001 1538 3064; x_wconf 80' lang='lat' dir='ltr'><strong><em>voluntas</em></strong></span> <span class='ocrx_word' id='word_1_435' title='bbox 1553 3003 1588 3064; x_wconf 84' lang='lat' dir='ltr'><strong><em>in</em></strong></span> <span class='ocrx_word' id='word_1_436' title='bbox 1599 3003 1766 3068; x_wconf 80' lang='lat' dir='ltr'><strong><em>dissensio-</em></strong></span> 
     </span>
     <span class='ocr_line' id='line_1_36' title="bbox 122 3073 1766 3156; baseline 0.007 -20"><span class='ocrx_word' id='word_1_437' title='bbox 122 3093 187 3137; x_wconf 84' lang='lat' dir='ltr'><strong><em>aus</em></strong></span> <span class='ocrx_word' id='word_1_438' title='bbox 204 3077 348 3155; x_wconf 86' lang='lat' dir='ltr'><strong><em>loquitur</em></strong></span> <span class='ocrx_word' id='word_1_439' title='bbox 363 3077 404 3138; x_wconf 93' lang='lat' dir='ltr'><strong><em>ihi</em></strong></span> <span class='ocrx_word' id='word_1_440' title='bbox 424 3073 581 3155; x_wconf 81' lang='lat' dir='ltr'><strong><em>quantiam</em></strong></span> <span class='ocrx_word' id='word_1_441' title='bbox 597 3075 637 3138; x_wconf 87' lang='lat' dir='ltr'><strong><em>ad</em></strong></span> <span class='ocrx_word' id='word_1_442' title='bbox 651 3075 918 3146; x_wconf 72' lang='lat' dir='ltr'><strong><em>mammesberii,</em></strong></span> <span class='ocrx_word' id='word_1_443' title='bbox 971 3089 1011 3132; x_wconf 85' lang='lat' dir='ltr'><strong><em>ne</em></strong></span> <span class='ocrx_word' id='word_1_444' title='bbox 1034 3073 1072 3136; x_wconf 84' lang='lat' dir='ltr'><strong><em>ad</em></strong></span> <span class='ocrx_word' id='word_1_445' title='bbox 1100 3075 1148 3136; x_wconf 85' lang='lat' dir='ltr'><strong><em>his</em></strong></span> <span class='ocrx_word' id='word_1_446' title='bbox 1171 3095 1238 3156; x_wconf 81' lang='lat' dir='ltr'><strong><em>pue</em></strong></span> <span class='ocrx_word' id='word_1_447' title='bbox 1263 3078 1416 3142; x_wconf 82' lang='lat' dir='ltr'><strong><em>valramus.</em></strong></span> <span class='ocrx_word' id='word_1_448' title='bbox 1444 3081 1503 3144; x_wconf 88' lang='lat' dir='ltr'><strong><em>Sed</em></strong></span> <span class='ocrx_word' id='word_1_449' title='bbox 1528 3083 1709 3148; x_wconf 88' lang='lat' dir='ltr'><strong><em>consentire</em></strong></span> <span class='ocrx_word' id='word_1_450' title='bbox 1733 3087 1766 3148; x_wconf 87' lang='lat' dir='ltr'><strong><em>et</em></strong></span> 
     </span>
    </p>
   </div>
   <div class='ocr_carea' id='block_1_3' title="bbox 1623 2456 1766 2534">
    <p class='ocr_par' dir='ltr' id='par_1_3' title="bbox 1623 2456 1766 2534">
     <span class='ocr_line' id='line_1_37' title="bbox 1623 2456 1766 2534; baseline 0.014 -18"><span class='ocrx_word' id='word_1_451' title='bbox 1623 2456 1766 2534; x_wconf 90' lang='lat' dir='ltr'><strong><em>osophns</em></strong></span> 
     </span>
    </p>
   </div>
   <div class='ocr_carea' id='block_1_4' title="bbox 120 3150 1765 3448">
    <p class='ocr_par' dir='ltr' id='par_1_4' title="bbox 120 3150 1765 3448">
     <span class='ocr_line' id='line_1_38' title="bbox 120 3150 1765 3292; baseline 0.006 -78"><span class='ocrx_word' id='word_1_452' title='bbox 120 3155 202 3292; x_wconf 57' lang='lat' dir='ltr'><strong><em>guia</em></strong></span> <span class='ocrx_word' id='word_1_453' title='bbox 220 3155 319 3248; x_wconf 38' lang='lat' dir='ltr'><strong><em>&#39;dolor</em></strong></span> <span class='ocrx_word' id='word_1_454' title='bbox 345 3157 447 3248; x_wconf 78' lang='lat' dir='ltr'><strong><em>magis</em></strong></span> <span class='ocrx_word' id='word_1_455' title='bbox 473 3155 613 3245; x_wconf 77' lang='lat' dir='ltr'><strong><em>usitatur</em></strong></span> <span class='ocrx_word' id='word_1_456' title='bbox 640 3153 672 3246; x_wconf 83' lang='lat' dir='ltr'><strong><em>in</em></strong></span> <span class='ocrx_word' id='word_1_457' title='bbox 697 3150 919 3248; x_wconf 72' lang='lat' dir='ltr'><strong><em>corporalibus</em></strong></span> <span class='ocrx_word' id='word_1_458' title='bbox 971 3150 1141 3246; x_wconf 71' lang='lat' dir='ltr'><strong><em>dissentire</em></strong></span> <span class='ocrx_word' id='word_1_459' title='bbox 1156 3163 1231 3217; x_wconf 89' lang='lat' dir='ltr'><strong><em>sunt</em></strong></span> <span class='ocrx_word' id='word_1_460' title='bbox 1245 3160 1421 3250; x_wconf 82' lang='lat' dir='ltr'><strong><em>contraria.</em></strong></span> <span class='ocrx_word' id='word_1_461' title='bbox 1440 3159 1525 3243; x_wconf 80' lang='lat' dir='ltr'><strong><em>Ergo</em></strong></span> <span class='ocrx_word' id='word_1_462' title='bbox 1540 3161 1650 3226; x_wconf 73' lang='lat' dir='ltr'><strong><em>laetitia</em></strong></span> <span class='ocrx_word' id='word_1_463' title='bbox 1664 3167 1696 3226; x_wconf 89' lang='lat' dir='ltr'><strong><em>et</em></strong></span> <span class='ocrx_word' id='word_1_464' title='bbox 1708 3163 1765 3225; x_wconf 91' lang='lat' dir='ltr'><strong><em>tri·</em></strong></span> 
     </span>
     <span class='ocr_line' id='line_1_39' title="bbox 143 3231 1338 3314; baseline 0.003 -20"><span class='ocrx_word' id='word_1_465' title='bbox 143 3233 301 3306; x_wconf 73' lang='lat' dir='ltr'><strong><em>oloribus,</em></strong></span> <span class='ocrx_word' id='word_1_466' title='bbox 319 3253 375 3314; x_wconf 83' lang='lat' dir='ltr'><strong><em>qur</em></strong></span> <span class='ocrx_word' id='word_1_467' title='bbox 394 3239 470 3295; x_wconf 91' lang='lat' dir='ltr'><strong><em>sunt</em></strong></span> <span class='ocrx_word' id='word_1_468' title='bbox 485 3249 586 3312; x_wconf 78' lang='lat' dir='ltr'><strong><em>magis</em></strong></span> <span class='ocrx_word' id='word_1_469' title='bbox 605 3237 684 3306; x_wconf 81' lang='lat' dir='ltr'><strong><em>nott,</em></strong></span> <span class='ocrx_word' id='word_1_470' title='bbox 698 3249 796 3309; x_wconf 88' lang='lat' dir='ltr'><strong><em>qaam</em></strong></span> <span class='ocrx_word' id='word_1_471' title='bbox 811 3249 845 3292; x_wconf 91' lang='grc' dir='ltr'><strong><em>ιιι</em></strong></span> <span class='ocrx_word' id='word_1_472' title='bbox 859 3231 921 3290; x_wconf 92' lang='lat' dir='ltr'><strong><em>do-</em></strong></span> <span class='ocrx_word' id='word_1_473' title='bbox 971 3235 1058 3294; x_wconf 85' lang='grc' dir='ltr'><strong>ιιιιιι</strong></span> <span class='ocrx_word' id='word_1_474' title='bbox 1074 3235 1150 3294; x_wconf 88' lang='lat' dir='ltr'><strong><em>sant</em></strong></span> <span class='ocrx_word' id='word_1_475' title='bbox 1164 3239 1338 3298; x_wconf 78' lang='lat' dir='ltr'><strong><em>contraria.</em></strong></span> 
     </span>
     <span class='ocr_line' id='line_1_40' title="bbox 120 3309 1764 3448; baseline 0.005 -76"><span class='ocrx_word' id='word_1_476' title='bbox 120 3309 247 3374; x_wconf 83' lang='grc' dir='ltr'><strong>ιοιιιιιιι</strong></span> <span class='ocrx_word' id='word_1_477' title='bbox 261 3314 494 3390; x_wconf 87' lang='lat' dir='ltr'><strong><em>spiritualibus.</em></strong></span> <span class='ocrx_word' id='word_1_478' title='bbox 1011 3310 1198 3448; x_wconf 49' lang='lat' dir='ltr'><strong><em>despondeo</em></strong></span> <span class='ocrx_word' id='word_1_479' title='bbox 1212 3313 1380 3376; x_wconf 91' lang='lat' dir='ltr'><strong><em>dicendum</em></strong></span> <span class='ocrx_word' id='word_1_480' title='bbox 1394 3317 1499 3396; x_wconf 84' lang='lat' dir='ltr'><strong><em>qnod,</em></strong></span> <span class='ocrx_word' id='word_1_481' title='bbox 1516 3319 1599 3381; x_wconf 89' lang='lat' dir='ltr'><strong><em>sicut</em></strong></span> <span class='ocrx_word' id='word_1_482' title='bbox 1612 3319 1764 3384; x_wconf 90' lang='lat' dir='ltr'><strong><em>Philoso-</em></strong></span> 
     </span>
    </p>
   </div>
   <div class='ocr_carea' id='block_1_5' title="bbox 116 3386 1806 5823">
    <p class='ocr_par' dir='ltr' id='par_1_5' title="bbox 118 3386 1806 4017">
     <span class='ocr_line' id='line_1_41' title="bbox 160 3386 1806 3473; baseline 0.007 -23"><span class='ocrx_word' id='word_1_483' title='bbox 160 3387 920 3465; x_wconf 84' lang='lat' dir='ltr'><strong><em>Adsecundunrdicendumqubdsensusexte-</em></strong></span> <span class='ocrx_word' id='word_1_484' title='bbox 970 3386 1054 3466; x_wconf 90' lang='lat' dir='ltr'><strong><em>phus</em></strong></span> <span class='ocrx_word' id='word_1_485' title='bbox 1091 3389 1155 3464; x_wconf 93' lang='lat' dir='ltr'><strong><em>icit,</em></strong></span> <span class='ocrx_word' id='word_1_486' title='bbox 1169 3391 1374 3473; x_wconf 75' lang='lat' dir='ltr'><strong><em>toueupn,</em></strong></span> <span class='ocrx_word' id='word_1_487' title='bbox 1388 3397 1764 3472; x_wconf 82' lang='lat' dir='ltr'><strong><em>text.13etli,coutra-</em></strong></span> <span class='ocrx_word' id='word_1_488' title='bbox 1802 3391 1806 3408; x_wconf 94' lang='lat'><em>&#39;</em></span> 
     </span>
     <span class='ocr_line' id='line_1_42' title="bbox 119 3465 1764 3562; baseline 0.007 -34"><span class='ocrx_word' id='word_1_489' title='bbox 119 3468 191 3529; x_wconf 86' lang='lat' dir='ltr'><strong><em>rior</em></strong></span> <span class='ocrx_word' id='word_1_490' title='bbox 215 3486 281 3531; x_wconf 89' lang='lat' dir='ltr'><strong><em>non</em></strong></span> <span class='ocrx_word' id='word_1_491' title='bbox 303 3469 438 3562; x_wconf 85' lang='lat' dir='ltr'><strong><em>percipit</em></strong></span> <span class='ocrx_word' id='word_1_492' title='bbox 464 3467 525 3528; x_wconf 89' lang='lat' dir='ltr'><strong><em>nisi</em></strong></span> <span class='ocrx_word' id='word_1_493' title='bbox 550 3485 709 3545; x_wconf 75' lang='lat' dir='ltr'><strong><em>presens3</em></strong></span> <span class='ocrx_word' id='word_1_494' title='bbox 738 3465 785 3528; x_wconf 81' lang='grc' dir='ltr'><strong><em>ιιι</em></strong></span> <span class='ocrx_word' id='word_1_495' title='bbox 811 3471 919 3528; x_wconf 88' lang='lat' dir='ltr'><strong><em>autem</em></strong></span> <span class='ocrx_word' id='word_1_496' title='bbox 970 3465 1066 3528; x_wconf 84' lang='lat' dir='ltr'><strong><em>rietes</em></strong></span> <span class='ocrx_word' id='word_1_497' title='bbox 1076 3476 1119 3528; x_wconf 87' lang='lat' dir='ltr'><strong><em>cst</em></strong></span> <span class='ocrx_word' id='word_1_498' title='bbox 1132 3469 1487 3551; x_wconf 79' lang='lat' dir='ltr'><strong><em>differentiacecunddm</em></strong></span> <span class='ocrx_word' id='word_1_499' title='bbox 1493 3478 1635 3558; x_wconf 75' lang='lat' dir='ltr'><strong><em>sormam.</em></strong></span> <span class='ocrx_word' id='word_1_500' title='bbox 1646 3479 1764 3540; x_wconf 80' lang='lat' dir='ltr'><strong><em>Forma</em></strong></span> 
     </span>
     <span class='ocr_line' id='line_1_43' title="bbox 120 3545 1765 3684; baseline 0.005 -76"><span class='ocrx_word' id='word_1_501' title='bbox 120 3547 285 3627; x_wconf 80' lang='lat' dir='ltr'><strong><em>cognitiva</em></strong></span> <span class='ocrx_word' id='word_1_502' title='bbox 301 3547 436 3609; x_wconf 78' lang='lat' dir='ltr'><strong><em>anterior</em></strong></span> <span class='ocrx_word' id='word_1_503' title='bbox 454 3550 559 3626; x_wconf 90' lang='lat' dir='ltr'><strong><em>potest</em></strong></span> <span class='ocrx_word' id='word_1_504' title='bbox 579 3545 745 3684; x_wconf 57' lang='lat' dir='ltr'><strong><em>porrigere</em></strong></span> <span class='ocrx_word' id='word_1_505' title='bbox 762 3560 916 3636; x_wconf 66' lang='lat' dir='ltr'><strong><em>praesens,</em></strong></span> <span class='ocrx_word' id='word_1_506' title='bbox 970 3549 1078 3607; x_wconf 88' lang='lat' dir='ltr'><strong><em>autern</em></strong></span> <span class='ocrx_word' id='word_1_507' title='bbox 1095 3564 1153 3638; x_wconf 80' lang='lat' dir='ltr'><strong><em>seu</em></strong></span> <span class='ocrx_word' id='word_1_508' title='bbox 1168 3551 1290 3628; x_wconf 90' lang='lat' dir='ltr'><strong><em>species</em></strong></span> <span class='ocrx_word' id='word_1_509' title='bbox 1306 3554 1466 3629; x_wconf 90' lang='lat' dir='ltr'><strong><em>passionis</em></strong></span> <span class='ocrx_word' id='word_1_510' title='bbox 1483 3560 1515 3617; x_wconf 91' lang='lat' dir='ltr'><strong><em>et</em></strong></span> <span class='ocrx_word' id='word_1_511' title='bbox 1531 3555 1635 3619; x_wconf 81' lang='lat' dir='ltr'><strong><em>motus</em></strong></span> <span class='ocrx_word' id='word_1_512' title='bbox 1655 3555 1765 3618; x_wconf 93' lang='lat' dir='ltr'><strong><em>suml-</em></strong></span> 
     </span>
     <span class='ocr_line' id='line_1_44' title="bbox 120 3623 1763 3713; baseline 0.007 -29"><span class='ocrx_word' id='word_1_513' title='bbox 120 3627 319 3703; x_wconf 82' lang='lat' dir='ltr'><strong><em>prteleritum</em></strong></span> <span class='ocrx_word' id='word_1_514' title='bbox 337 3634 368 3688; x_wconf 90' lang='lat' dir='ltr'><strong><em>et</em></strong></span> <span class='ocrx_word' id='word_1_515' title='bbox 383 3625 545 3698; x_wconf 78' lang='lat' dir='ltr'><strong><em>iutururn3</em></strong></span> <span class='ocrx_word' id='word_1_516' title='bbox 563 3629 596 3684; x_wconf 88' lang='lat' dir='ltr'><strong><em>et</em></strong></span> <span class='ocrx_word' id='word_1_517' title='bbox 612 3623 663 3684; x_wconf 80' lang='lat' dir='ltr'><strong><em>ade</em></strong></span> <span class='ocrx_word' id='word_1_518' title='bbox 706 3625 835 3684; x_wconf 86' lang='lat' dir='ltr'><strong><em>trtstrtra</em></strong></span> <span class='ocrx_word' id='word_1_519' title='bbox 857 3640 919 3701; x_wconf 91' lang='lat' dir='ltr'><strong><em>po-</em></strong></span> <span class='ocrx_word' id='word_1_520' title='bbox 969 3625 1024 3682; x_wconf 91' lang='lat' dir='ltr'><strong><em>tur</em></strong></span> <span class='ocrx_word' id='word_1_521' title='bbox 1039 3642 1081 3685; x_wconf 90' lang='lat' dir='ltr'><strong><em>ex</em></strong></span> <span class='ocrx_word' id='word_1_522' title='bbox 1095 3627 1220 3704; x_wconf 73' lang='lat' dir='ltr'><strong><em>objecto</em></strong></span> <span class='ocrx_word' id='word_1_523' title='bbox 1241 3629 1293 3690; x_wconf 83' lang='lat' dir='ltr'><strong><em>vel</em></strong></span> <span class='ocrx_word' id='word_1_524' title='bbox 1311 3633 1460 3692; x_wconf 88' lang='lat' dir='ltr'><strong><em>termino.</em></strong></span> <span class='ocrx_word' id='word_1_525' title='bbox 1477 3633 1565 3694; x_wconf 88' lang='lat' dir='ltr'><strong><em>Unde</em></strong></span> <span class='ocrx_word' id='word_1_526' title='bbox 1579 3633 1652 3696; x_wconf 85' lang='lat' dir='ltr'><strong><em>eum</em></strong></span> <span class='ocrx_word' id='word_1_527' title='bbox 1666 3635 1763 3713; x_wconf 86' lang='lat' dir='ltr'><strong><em>obje-</em></strong></span> 
     </span>
     <span class='ocr_line' id='line_1_45' title="bbox 119 3699 1762 3782; baseline 0.005 -20"><span class='ocrx_word' id='word_1_528' title='bbox 119 3707 183 3764; x_wconf 89' lang='lat' dir='ltr'><strong><em>test</em></strong></span> <span class='ocrx_word' id='word_1_529' title='bbox 205 3721 276 3766; x_wconf 88' lang='lat' dir='ltr'><strong><em>esse</em></strong></span> <span class='ocrx_word' id='word_1_530' title='bbox 298 3705 337 3766; x_wconf 90' lang='lat' dir='ltr'><strong><em>de</em></strong></span> <span class='ocrx_word' id='word_1_531' title='bbox 359 3703 525 3782; x_wconf 74' lang='lat' dir='ltr'><strong><em>presenti,</em></strong></span> <span class='ocrx_word' id='word_1_532' title='bbox 549 3701 710 3781; x_wconf 76' lang='lat' dir='ltr'><strong><em>preterito</em></strong></span> <span class='ocrx_word' id='word_1_533' title='bbox 735 3703 766 3761; x_wconf 92' lang='lat' dir='ltr'><strong><em>et</em></strong></span> <span class='ocrx_word' id='word_1_534' title='bbox 788 3699 916 3776; x_wconf 74' lang='lat' dir='ltr'><strong><em>tuturo,</em></strong></span> <span class='ocrx_word' id='word_1_535' title='bbox 969 3705 1020 3762; x_wconf 91' lang='lat' dir='ltr'><strong><em>cta</em></strong></span> <span class='ocrx_word' id='word_1_536' title='bbox 1034 3701 1253 3768; x_wconf 89' lang='lat' dir='ltr'><strong><em>delectationis</em></strong></span> <span class='ocrx_word' id='word_1_537' title='bbox 1270 3713 1302 3767; x_wconf 90' lang='lat' dir='ltr'><strong><em>et</em></strong></span> <span class='ocrx_word' id='word_1_538' title='bbox 1319 3709 1453 3772; x_wconf 83' lang='lat' dir='ltr'><strong><em>tristitias</em></strong></span> <span class='ocrx_word' id='word_1_539' title='bbox 1470 3728 1528 3771; x_wconf 89' lang='lat' dir='ltr'><strong><em>seu</em></strong></span> <span class='ocrx_word' id='word_1_540' title='bbox 1545 3711 1677 3782; x_wconf 86' lang='lat' dir='ltr'><strong><em>doloris,</em></strong></span> <span class='ocrx_word' id='word_1_541' title='bbox 1696 3713 1762 3772; x_wconf 91' lang='lat' dir='ltr'><strong><em>sint</em></strong></span> 
     </span>
     <span class='ocr_line' id='line_1_46' title="bbox 118 3779 1763 3858; baseline 0.006 -19"><span class='ocrx_word' id='word_1_542' title='bbox 118 3780 215 3844; x_wconf 87' lang='lat' dir='ltr'><strong><em>dolor</em></strong></span> <span class='ocrx_word' id='word_1_543' title='bbox 231 3787 338 3846; x_wconf 91' lang='lat' dir='ltr'><strong><em>autem</em></strong></span> <span class='ocrx_word' id='word_1_544' title='bbox 355 3799 393 3844; x_wconf 92' lang='lat' dir='ltr'><strong><em>co</em></strong></span> <span class='ocrx_word' id='word_1_545' title='bbox 455 3782 545 3852; x_wconf 85' lang='lat' dir='ltr'><strong><em>ralis,</em></strong></span> <span class='ocrx_word' id='word_1_546' title='bbox 561 3779 617 3857; x_wconf 85' lang='lat' dir='ltr'><strong><em>qui</em></strong></span> <span class='ocrx_word' id='word_1_547' title='bbox 635 3779 783 3858; x_wconf 87' lang='lat' dir='ltr'><strong><em>sequitur</em></strong></span> <span class='ocrx_word' id='word_1_548' title='bbox 798 3796 919 3858; x_wconf 87' lang='lat' dir='ltr'><strong><em>appre-</em></strong></span> <span class='ocrx_word' id='word_1_549' title='bbox 969 3781 1145 3854; x_wconf 89' lang='lat' dir='ltr'><strong><em>contraria,</em></strong></span> <span class='ocrx_word' id='word_1_550' title='bbox 1161 3783 1416 3846; x_wconf 91' lang='lat' dir='ltr'><strong><em>scilicethonum</em></strong></span> <span class='ocrx_word' id='word_1_551' title='bbox 1460 3805 1578 3850; x_wconf 85' lang='lat' dir='ltr'><strong><em>raesens</em></strong></span> <span class='ocrx_word' id='word_1_552' title='bbox 1596 3795 1626 3850; x_wconf 91' lang='grc' dir='ltr'><strong><em>ιι</em></strong></span> <span class='ocrx_word' id='word_1_553' title='bbox 1642 3789 1763 3850; x_wconf 89' lang='lat' dir='ltr'><strong><em>malum</em></strong></span> 
     </span>
     <span class='ocr_line' id='line_1_47' title="bbox 119 3857 1762 3948; baseline 0.004 -29"><span class='ocrx_word' id='word_1_554' title='bbox 119 3858 312 3924; x_wconf 86' lang='lat' dir='ltr'><strong><em>hensiouem</em></strong></span> <span class='ocrx_word' id='word_1_555' title='bbox 325 3878 399 3922; x_wconf 92' lang='lat' dir='ltr'><strong><em>sens</em></strong></span> <span class='ocrx_word' id='word_1_556' title='bbox 425 3857 635 3931; x_wconf 88' lang='lat' dir='ltr'><strong><em>sexterioris,</em></strong></span> <span class='ocrx_word' id='word_1_557' title='bbox 651 3874 717 3918; x_wconf 93' lang='lat' dir='ltr'><strong><em>non</em></strong></span> <span class='ocrx_word' id='word_1_558' title='bbox 732 3860 917 3934; x_wconf 87' lang='lat' dir='ltr'><strong><em>potestesse</em></strong></span> <span class='ocrx_word' id='word_1_559' title='bbox 969 3873 1132 3948; x_wconf 72' lang='lat' dir='ltr'><strong><em>presens,</em></strong></span> <span class='ocrx_word' id='word_1_560' title='bbox 1149 3861 1296 3938; x_wconf 82' lang='lat' dir='ltr'><strong><em>sequitur</em></strong></span> <span class='ocrx_word' id='word_1_561' title='bbox 1319 3862 1406 3940; x_wconf 87' lang='lat' dir='ltr'><strong><em>qudd</em></strong></span> <span class='ocrx_word' id='word_1_562' title='bbox 1449 3863 1520 3927; x_wconf 92' lang='lat' dir='ltr'><strong><em>olor</em></strong></span> <span class='ocrx_word' id='word_1_563' title='bbox 1542 3869 1573 3928; x_wconf 92' lang='lat' dir='ltr'><strong><em>et</em></strong></span> <span class='ocrx_word' id='word_1_564' title='bbox 1593 3865 1762 3930; x_wconf 87' lang='lat' dir='ltr'><strong><em>delectatio</em></strong></span> 
     </span>
     <span class='ocr_line' id='line_1_48' title="bbox 119 3937 1222 4017; baseline -0.001 -19"><span class='ocrx_word' id='word_1_565' title='bbox 119 3937 181 4000; x_wconf 90' lang='lat' dir='ltr'><strong><em>nisi</em></strong></span> <span class='ocrx_word' id='word_1_566' title='bbox 203 3937 241 3999; x_wconf 92' lang='lat' dir='ltr'><strong><em>de</em></strong></span> <span class='ocrx_word' id='word_1_567' title='bbox 256 3939 418 4017; x_wconf 78' lang='lat' dir='ltr'><strong><em>praesenti.</em></strong></span> <span class='ocrx_word' id='word_1_568' title='bbox 969 3937 1035 3994; x_wconf 87' lang='lat' dir='ltr'><strong><em>stni</em></strong></span> <span class='ocrx_word' id='word_1_569' title='bbox 1048 3937 1222 4000; x_wconf 83' lang='lat' dir='ltr'><strong><em>contraria.</em></strong></span> 
     </span>
    </p>

    <p class='ocr_par' dir='ltr' id='par_1_6' title="bbox 116 4011 1764 5823">
     <span class='ocr_line' id='line_1_49' title="bbox 157 4011 1762 4104; baseline 0.004 -27"><span class='ocrx_word' id='word_1_570' title='bbox 157 4017 209 4077; x_wconf 78' lang='lat' dir='ltr'><strong><em>Ad</em></strong></span> <span class='ocrx_word' id='word_1_571' title='bbox 220 4017 349 4078; x_wconf 90' lang='lat' dir='ltr'><strong><em>tertium</em></strong></span> <span class='ocrx_word' id='word_1_572' title='bbox 359 4014 528 4077; x_wconf 88' lang='lat' dir='ltr'><strong><em>dicendum</em></strong></span> <span class='ocrx_word' id='word_1_573' title='bbox 539 4011 624 4090; x_wconf 88' lang='lat' dir='ltr'><strong><em>qudd</em></strong></span> <span class='ocrx_word' id='word_1_574' title='bbox 637 4011 802 4074; x_wconf 87' lang='lat' dir='ltr'><strong><em>sensibilia</em></strong></span> <span class='ocrx_word' id='word_1_575' title='bbox 813 4011 916 4075; x_wconf 87' lang='lat' dir='ltr'><strong><em>taetris</em></strong></span> <span class='ocrx_word' id='word_1_576' title='bbox 1009 4013 1056 4073; x_wconf 81' lang='lat' dir='ltr'><strong><em>ild</em></strong></span> <span class='ocrx_word' id='word_1_577' title='bbox 1069 4013 1208 4091; x_wconf 88' lang='lat' dir='ltr'><strong><em>primum</em></strong></span> <span class='ocrx_word' id='word_1_578' title='bbox 1221 4033 1297 4096; x_wconf 82' lang='lat' dir='ltr'><strong><em>ergo</em></strong></span> <span class='ocrx_word' id='word_1_579' title='bbox 1312 4017 1480 4081; x_wconf 90' lang='lat' dir='ltr'><strong><em>dicendum</em></strong></span> <span class='ocrx_word' id='word_1_580' title='bbox 1496 4021 1581 4100; x_wconf 85' lang='lat' dir='ltr'><strong><em>qudd</em></strong></span> <span class='ocrx_word' id='word_1_581' title='bbox 1593 4023 1673 4084; x_wconf 92' lang='lat' dir='ltr'><strong><em>nihil</em></strong></span> <span class='ocrx_word' id='word_1_582' title='bbox 1686 4040 1762 4104; x_wconf 88' lang='lat' dir='ltr'><strong><em>pro·</em></strong></span> 
     </span>
     <span class='ocr_line' id='line_1_50' title="bbox 118 4088 1763 4181; baseline 0.006 -27"><span class='ocrx_word' id='word_1_583' title='bbox 118 4100 199 4156; x_wconf 87' lang='lat' dir='ltr'><strong><em>sunt</em></strong></span> <span class='ocrx_word' id='word_1_584' title='bbox 213 4095 380 4168; x_wconf 89' lang='lat' dir='ltr'><strong><em>dolorosa,</em></strong></span> <span class='ocrx_word' id='word_1_585' title='bbox 398 4111 463 4154; x_wconf 94' lang='lat' dir='ltr'><strong><em>non</em></strong></span> <span class='ocrx_word' id='word_1_586' title='bbox 486 4088 591 4154; x_wconf 89' lang='lat' dir='ltr'><strong><em>solirm</em></strong></span> <span class='ocrx_word' id='word_1_587' title='bbox 612 4092 821 4168; x_wconf 84' lang='lat' dir='ltr'><strong><em>inquantum</em></strong></span> <span class='ocrx_word' id='word_1_588' title='bbox 840 4095 918 4152; x_wconf 93' lang='lat' dir='ltr'><strong><em>sunt</em></strong></span> <span class='ocrx_word' id='word_1_589' title='bbox 968 4088 1058 4181; x_wconf 80' lang='lat' dir='ltr'><strong><em>hibet</em></strong></span> <span class='ocrx_word' id='word_1_590' title='bbox 1073 4109 1174 4153; x_wconf 90' lang='lat' dir='ltr'><strong><em>unum</em></strong></span> <span class='ocrx_word' id='word_1_591' title='bbox 1188 4097 1425 4158; x_wconf 89' lang='lat' dir='ltr'><strong><em>contrariorum</em></strong></span> <span class='ocrx_word' id='word_1_592' title='bbox 1441 4117 1512 4162; x_wconf 90' lang='lat' dir='ltr'><strong><em>esse</em></strong></span> <span class='ocrx_word' id='word_1_593' title='bbox 1529 4119 1660 4164; x_wconf 88' lang='lat' dir='ltr'><strong><em>causam</em></strong></span> <span class='ocrx_word' id='word_1_594' title='bbox 1678 4103 1763 4166; x_wconf 89' lang='lat' dir='ltr'><strong><em>alte-</em></strong></span> 
     </span>
     <span class='ocr_line' id='line_1_51' title="bbox 118 4169 1764 4262; baseline 0.007 -30"><span class='ocrx_word' id='word_1_595' title='bbox 118 4173 411 4251; x_wconf 88' lang='lat' dir='ltr'><strong><em>improportionata</em></strong></span> <span class='ocrx_word' id='word_1_596' title='bbox 440 4171 552 4235; x_wconf 83' lang='lat' dir='ltr'><strong><em>virtuti</em></strong></span> <span class='ocrx_word' id='word_1_597' title='bbox 579 4169 837 4249; x_wconf 78' lang='lat' dir='ltr'><strong><em>apprehensiyn,</em></strong></span> <span class='ocrx_word' id='word_1_598' title='bbox 861 4169 917 4231; x_wconf 91' lang='lat' dir='ltr'><strong><em>sed</em></strong></span> <span class='ocrx_word' id='word_1_599' title='bbox 968 4186 1036 4232; x_wconf 86' lang='lat' dir='ltr'><strong><em>rrus</em></strong></span> <span class='ocrx_word' id='word_1_600' title='bbox 1057 4188 1117 4249; x_wconf 91' lang='lat' dir='ltr'><strong><em>per</em></strong></span> <span class='ocrx_word' id='word_1_601' title='bbox 1136 4173 1293 4236; x_wconf 85' lang='lat' dir='ltr'><strong><em>accidens.</em></strong></span> <span class='ocrx_word' id='word_1_602' title='bbox 1311 4175 1362 4236; x_wconf 92' lang='lat' dir='ltr'><strong><em>Sic</em></strong></span> <span class='ocrx_word' id='word_1_603' title='bbox 1383 4182 1491 4240; x_wconf 91' lang='lat' dir='ltr'><strong><em>autem</em></strong></span> <span class='ocrx_word' id='word_1_604' title='bbox 1513 4181 1642 4244; x_wconf 89' lang='lat' dir='ltr'><strong><em>tristitia</em></strong></span> <span class='ocrx_word' id='word_1_605' title='bbox 1655 4187 1764 4262; x_wconf 84' lang='lat' dir='ltr'><strong><em>potest</em></strong></span> 
     </span>
     <span class='ocr_line' id='line_1_52' title="bbox 118 4250 1760 4338; baseline 0.006 -26"><span class='ocrx_word' id='word_1_606' title='bbox 118 4252 219 4312; x_wconf 87' lang='lat' dir='ltr'><strong><em>etiarn</em></strong></span> <span class='ocrx_word' id='word_1_607' title='bbox 248 4253 281 4312; x_wconf 92' lang='lat' dir='ltr'><strong><em>in</em></strong></span> <span class='ocrx_word' id='word_1_608' title='bbox 311 4254 470 4329; x_wconf 87' lang='lat' dir='ltr'><strong><em>qnantum</em></strong></span> <span class='ocrx_word' id='word_1_609' title='bbox 505 4250 746 4312; x_wconf 89' lang='lat' dir='ltr'><strong><em>contrariantur</em></strong></span> <span class='ocrx_word' id='word_1_610' title='bbox 779 4253 913 4310; x_wconf 80' lang='lat' dir='ltr'><strong><em>nature.</em></strong></span> <span class='ocrx_word' id='word_1_611' title='bbox 968 4264 1040 4310; x_wconf 88' lang='lat' dir='ltr'><strong><em>esse</em></strong></span> <span class='ocrx_word' id='word_1_612' title='bbox 1061 4265 1160 4312; x_wconf 89' lang='lat' dir='ltr'><strong><em>causa</em></strong></span> <span class='ocrx_word' id='word_1_613' title='bbox 1176 4251 1418 4316; x_wconf 85' lang='lat' dir='ltr'><strong><em>delectationis:</em></strong></span> <span class='ocrx_word' id='word_1_614' title='bbox 1440 4275 1506 4319; x_wconf 91' lang='lat' dir='ltr'><strong><em>uno</em></strong></span> <span class='ocrx_word' id='word_1_615' title='bbox 1523 4261 1652 4338; x_wconf 89' lang='lat' dir='ltr'><strong><em>quidem</em></strong></span> <span class='ocrx_word' id='word_1_616' title='bbox 1665 4261 1760 4322; x_wconf 73' lang='lat' dir='ltr'><strong><em>niodo</em></strong></span> 
     </span>
     <span class='ocr_line' id='line_1_53' title="bbox 118 4325 1759 4420; baseline 0.008 -31"><span class='ocrx_word' id='word_1_617' title='bbox 118 4329 268 4390; x_wconf 77' lang='lat' dir='ltr'><strong><em>Aliorum</em></strong></span> <span class='ocrx_word' id='word_1_618' title='bbox 294 4329 373 4392; x_wconf 82' lang='lat' dir='ltr'><strong><em>verd</em></strong></span> <span class='ocrx_word' id='word_1_619' title='bbox 402 4345 557 4394; x_wconf 85' lang='lat' dir='ltr'><strong><em>sensuam</em></strong></span> <span class='ocrx_word' id='word_1_620' title='bbox 587 4326 752 4390; x_wconf 89' lang='lat' dir='ltr'><strong><em>sensibilia</em></strong></span> <span class='ocrx_word' id='word_1_621' title='bbox 780 4332 916 4404; x_wconf 90' lang='lat' dir='ltr'><strong><em>possunt</em></strong></span> <span class='ocrx_word' id='word_1_622' title='bbox 967 4325 1002 4386; x_wconf 92' lang='lat' dir='ltr'><strong><em>in</em></strong></span> <span class='ocrx_word' id='word_1_623' title='bbox 1017 4333 1174 4404; x_wconf 86' lang='lat' dir='ltr'><strong><em>quantum</em></strong></span> <span class='ocrx_word' id='word_1_624' title='bbox 1189 4330 1318 4394; x_wconf 87' lang='lat' dir='ltr'><strong><em>tristitia</em></strong></span> <span class='ocrx_word' id='word_1_625' title='bbox 1331 4332 1370 4396; x_wconf 89' lang='lat' dir='ltr'><strong><em>de</em></strong></span> <span class='ocrx_word' id='word_1_626' title='bbox 1385 4335 1531 4400; x_wconf 76' lang='lat' dir='ltr'><strong><em>absentia</em></strong></span> <span class='ocrx_word' id='word_1_627' title='bbox 1544 4339 1681 4420; x_wconf 86' lang='lat' dir='ltr'><strong><em>alicujus</em></strong></span> <span class='ocrx_word' id='word_1_628' title='bbox 1698 4341 1759 4415; x_wconf 90' lang='lat' dir='ltr'><strong><em>rei,</em></strong></span> 
     </span>
     <span class='ocr_line' id='line_1_54' title="bbox 119 4405 1761 4495; baseline 0.007 -27"><span class='ocrx_word' id='word_1_629' title='bbox 119 4407 251 4483; x_wconf 85' lang='lat' dir='ltr'><strong><em>quidem</em></strong></span> <span class='ocrx_word' id='word_1_630' title='bbox 272 4425 344 4470; x_wconf 89' lang='lat' dir='ltr'><strong><em>esse</em></strong></span> <span class='ocrx_word' id='word_1_631' title='bbox 365 4407 653 4486; x_wconf 85' lang='lat' dir='ltr'><strong><em>improportionata</em></strong></span> <span class='ocrx_word' id='word_1_632' title='bbox 667 4405 776 4468; x_wconf 81' lang='lat' dir='ltr'><strong><em>virtuti</em></strong></span> <span class='ocrx_word' id='word_1_633' title='bbox 791 4422 916 4484; x_wconf 88' lang='lat' dir='ltr'><strong><em>appre-</em></strong></span> <span class='ocrx_word' id='word_1_634' title='bbox 966 4405 1018 4466; x_wconf 85' lang='lat' dir='ltr'><strong><em>vel</em></strong></span> <span class='ocrx_word' id='word_1_635' title='bbox 1026 4406 1064 4468; x_wconf 93' lang='lat' dir='ltr'><strong><em>de</em></strong></span> <span class='ocrx_word' id='word_1_636' title='bbox 1075 4409 1246 4485; x_wconf 77' lang='lat' dir='ltr'><strong><em>presentia</em></strong></span> <span class='ocrx_word' id='word_1_637' title='bbox 1255 4413 1408 4474; x_wconf 90' lang='lat' dir='ltr'><strong><em>contrarii</em></strong></span> <span class='ocrx_word' id='word_1_638' title='bbox 1420 4413 1761 4495; x_wconf 79' lang='lat' dir='ltr'><strong><em>vehementiusquaerit</em></strong></span> 
     </span>
     <span class='ocr_line' id='line_1_55' title="bbox 119 4481 1760 4564; baseline 0.007 -19"><span class='ocrx_word' id='word_1_639' title='bbox 119 4483 280 4558; x_wconf 79' lang='lat' dir='ltr'><strong><em>hensivae,</em></strong></span> <span class='ocrx_word' id='word_1_640' title='bbox 299 4503 364 4548; x_wconf 94' lang='lat' dir='ltr'><strong><em>non</em></strong></span> <span class='ocrx_word' id='word_1_641' title='bbox 387 4489 495 4548; x_wconf 87' lang='lat' dir='ltr'><strong><em>tamen</em></strong></span> <span class='ocrx_word' id='word_1_642' title='bbox 516 4484 756 4547; x_wconf 89' lang='lat' dir='ltr'><strong><em>contrariantur</em></strong></span> <span class='ocrx_word' id='word_1_643' title='bbox 777 4489 912 4558; x_wconf 84' lang='lat' dir='ltr'><strong><em>naturae,</em></strong></span> <span class='ocrx_word' id='word_1_644' title='bbox 966 4481 998 4543; x_wconf 91' lang='lat' dir='ltr'><strong><em>id</em></strong></span> <span class='ocrx_word' id='word_1_645' title='bbox 1012 4483 1046 4545; x_wconf 91' lang='grc' dir='ltr'><strong><em>ιιι</em></strong></span> <span class='ocrx_word' id='word_1_646' title='bbox 1060 4503 1126 4564; x_wconf 86' lang='lat' dir='ltr'><strong><em>quo</em></strong></span> <span class='ocrx_word' id='word_1_647' title='bbox 1143 4487 1333 4563; x_wconf 86' lang='lat' dir='ltr'><strong><em>delectetur,</em></strong></span> <span class='ocrx_word' id='word_1_648' title='bbox 1352 4491 1436 4552; x_wconf 89' lang='lat' dir='ltr'><strong><em>sicui</em></strong></span> <span class='ocrx_word' id='word_1_649' title='bbox 1456 4493 1567 4554; x_wconf 89' lang='lat' dir='ltr'><strong><em>sitiens</em></strong></span> <span class='ocrx_word' id='word_1_650' title='bbox 1581 4495 1760 4556; x_wconf 86' lang='lat' dir='ltr'><strong><em>vehemen-</em></strong></span> 
     </span>
     <span class='ocr_line' id='line_1_56' title="bbox 119 4559 1758 4648; baseline 0.007 -26"><span class='ocrx_word' id='word_1_651' title='bbox 119 4563 183 4626; x_wconf 92' lang='lat' dir='ltr'><strong><em>nisi</em></strong></span> <span class='ocrx_word' id='word_1_652' title='bbox 197 4565 231 4626; x_wconf 94' lang='lat' dir='ltr'><strong><em>in</em></strong></span> <span class='ocrx_word' id='word_1_653' title='bbox 243 4565 356 4626; x_wconf 89' lang='lat' dir='ltr'><strong><em>ordine</em></strong></span> <span class='ocrx_word' id='word_1_654' title='bbox 369 4564 408 4626; x_wconf 88' lang='lat' dir='ltr'><strong><em>ad</em></strong></span> <span class='ocrx_word' id='word_1_655' title='bbox 420 4563 586 4626; x_wconf 87' lang='lat' dir='ltr'><strong><em>sensibilia</em></strong></span> <span class='ocrx_word' id='word_1_656' title='bbox 597 4561 712 4624; x_wconf 81' lang='lat' dir='ltr'><strong><em>taetris.</em></strong></span> <span class='ocrx_word' id='word_1_657' title='bbox 729 4562 815 4624; x_wconf 90' lang='lat' dir='ltr'><strong><em>Unde</em></strong></span> <span class='ocrx_word' id='word_1_658' title='bbox 824 4563 913 4626; x_wconf 87' lang='lat' dir='ltr'><strong><em>solus</em></strong></span> <span class='ocrx_word' id='word_1_659' title='bbox 966 4559 1030 4622; x_wconf 82' lang='lat' dir='ltr'><strong><em>tius</em></strong></span> <span class='ocrx_word' id='word_1_660' title='bbox 1045 4565 1412 4640; x_wconf 80' lang='lat' dir='ltr'><strong><em>queritdeleetattenem</em></strong></span> <span class='ocrx_word' id='word_1_661' title='bbox 1424 4570 1518 4648; x_wconf 84' lang='lat' dir='ltr'><strong><em>potds</em></strong></span> <span class='ocrx_word' id='word_1_662' title='bbox 1534 4571 1758 4634; x_wconf 90' lang='lat' dir='ltr'><strong><em>utremedium</em></strong></span> 
     </span>
     <span class='ocr_line' id='line_1_57' title="bbox 119 4639 1758 4724; baseline 0.006 -23"><span class='ocrx_word' id='word_1_663' title='bbox 119 4639 236 4716; x_wconf 88' lang='lat' dir='ltr'><strong><em>homo,</em></strong></span> <span class='ocrx_word' id='word_1_664' title='bbox 256 4645 310 4720; x_wconf 81' lang='lat' dir='ltr'><strong><em>qni</em></strong></span> <span class='ocrx_word' id='word_1_665' title='bbox 327 4646 376 4704; x_wconf 91' lang='lat' dir='ltr'><strong><em>est</em></strong></span> <span class='ocrx_word' id='word_1_666' title='bbox 387 4642 508 4704; x_wconf 87' lang='lat' dir='ltr'><strong><em>animal</em></strong></span> <span class='ocrx_word' id='word_1_667' title='bbox 522 4640 695 4718; x_wconf 88' lang='lat' dir='ltr'><strong><em>perlectum</em></strong></span> <span class='ocrx_word' id='word_1_668' title='bbox 712 4640 744 4700; x_wconf 90' lang='lat' dir='ltr'><strong><em>in</em></strong></span> <span class='ocrx_word' id='word_1_669' title='bbox 760 4639 915 4718; x_wconf 78' lang='lat' dir='ltr'><strong><em>cognitio-</em></strong></span> <span class='ocrx_word' id='word_1_670' title='bbox 967 4643 1079 4704; x_wconf 90' lang='lat' dir='ltr'><strong><em>contra</em></strong></span> <span class='ocrx_word' id='word_1_671' title='bbox 1090 4643 1250 4706; x_wconf 89' lang='lat' dir='ltr'><strong><em>tristitiam</em></strong></span> <span class='ocrx_word' id='word_1_672' title='bbox 1266 4662 1365 4723; x_wconf 87' lang='lat' dir='ltr'><strong><em>quam</em></strong></span> <span class='ocrx_word' id='word_1_673' title='bbox 1379 4650 1520 4724; x_wconf 65' lang='lat' dir='ltr'><strong><em>petitum</em></strong></span> <span class='ocrx_word' id='word_1_674' title='bbox 1535 4649 1599 4710; x_wconf 90' lang='lat' dir='ltr'><strong><em>alio</em></strong></span> <span class='ocrx_word' id='word_1_675' title='bbox 1617 4648 1758 4711; x_wconf 88' lang='lat' dir='ltr'><strong><em>modain</em></strong></span> 
     </span>
     <span class='ocr_line' id='line_1_58' title="bbox 120 4717 1759 4802; baseline 0.006 -22"><span class='ocrx_word' id='word_1_676' title='bbox 120 4735 181 4793; x_wconf 85' lang='lat' dir='ltr'><strong><em>ne,</em></strong></span> <span class='ocrx_word' id='word_1_677' title='bbox 199 4720 376 4784; x_wconf 88' lang='lat' dir='ltr'><strong><em>delectatur</em></strong></span> <span class='ocrx_word' id='word_1_678' title='bbox 400 4721 433 4780; x_wconf 93' lang='lat' dir='ltr'><strong><em>in</em></strong></span> <span class='ocrx_word' id='word_1_679' title='bbox 455 4719 661 4780; x_wconf 90' lang='lat' dir='ltr'><strong><em>sensibilibus</em></strong></span> <span class='ocrx_word' id='word_1_680' title='bbox 678 4717 821 4802; x_wconf 41' lang='lat' dir='ltr'><strong><em>aliorum³</em></strong></span> <span class='ocrx_word' id='word_1_681' title='bbox 836 4735 915 4778; x_wconf 89' lang='lat' dir='ltr'><strong><em>sen·</em></strong></span> <span class='ocrx_word' id='word_1_682' title='bbox 966 4723 1125 4794; x_wconf 85' lang='lat' dir='ltr'><strong><em>quantum</em></strong></span> <span class='ocrx_word' id='word_1_683' title='bbox 1149 4739 1192 4781; x_wconf 89' lang='lat' dir='ltr'><strong><em>ex</em></strong></span> <span class='ocrx_word' id='word_1_684' title='bbox 1211 4739 1328 4800; x_wconf 75' lang='lat' dir='ltr'><strong><em>niagno</em></strong></span> <span class='ocrx_word' id='word_1_685' title='bbox 1356 4721 1513 4786; x_wconf 90' lang='lat' dir='ltr'><strong><em>desiderio</em></strong></span> <span class='ocrx_word' id='word_1_686' title='bbox 1539 4727 1759 4790; x_wconf 88' lang='lat' dir='ltr'><strong><em>delectationis</em></strong></span> 
     </span>
     <span class='ocr_line' id='line_1_59' title="bbox 120 4793 1759 4884; baseline 0.005 -26"><span class='ocrx_word' id='word_1_687' title='bbox 120 4811 217 4860; x_wconf 85' lang='lat' dir='ltr'><strong><em>snum</em></strong></span> <span class='ocrx_word' id='word_1_688' title='bbox 231 4796 406 4860; x_wconf 77' lang='lat' dir='ltr'><strong><em>seeundum</em></strong></span> <span class='ocrx_word' id='word_1_689' title='bbox 427 4798 534 4875; x_wconf 87' lang='lat' dir='ltr'><strong><em>seipsa</em></strong></span> <span class='ocrx_word' id='word_1_690' title='bbox 549 4813 556 4854; x_wconf 83' lang='grc' dir='ltr'><strong><em>ι</em></strong></span> <span class='ocrx_word' id='word_1_691' title='bbox 572 4796 637 4858; x_wconf 84' lang='lat' dir='ltr'><strong><em>alia</em></strong></span> <span class='ocrx_word' id='word_1_692' title='bbox 659 4793 738 4858; x_wconf 81' lang='lat' dir='ltr'><strong><em>vero</em></strong></span> <span class='ocrx_word' id='word_1_693' title='bbox 761 4795 914 4858; x_wconf 88' lang='lat' dir='ltr'><strong><em>animalia</em></strong></span> <span class='ocrx_word' id='word_1_694' title='bbox 965 4796 1103 4874; x_wconf 89' lang='lat' dir='ltr'><strong><em>alicujus</em></strong></span> <span class='ocrx_word' id='word_1_695' title='bbox 1116 4813 1183 4859; x_wconf 91' lang='lat' dir='ltr'><strong><em>non</em></strong></span> <span class='ocrx_word' id='word_1_696' title='bbox 1198 4804 1326 4862; x_wconf 86' lang='lat' dir='ltr'><strong><em>recusat</em></strong></span> <span class='ocrx_word' id='word_1_697' title='bbox 1338 4801 1380 4862; x_wconf 91' lang='lat' dir='ltr'><strong><em>ali</em></strong></span> <span class='ocrx_word' id='word_1_698' title='bbox 1404 4802 1455 4864; x_wconf 91' lang='lat' dir='ltr'><strong><em>uis</em></strong></span> <span class='ocrx_word' id='word_1_699' title='bbox 1468 4805 1614 4867; x_wconf 89' lang='lat' dir='ltr'><strong><em>tristitias</em></strong></span> <span class='ocrx_word' id='word_1_700' title='bbox 1629 4803 1759 4884; x_wconf 87' lang='lat' dir='ltr'><strong><em>perier·-</em></strong></span> 
     </span>
     <span class='ocr_line' id='line_1_60' title="bbox 120 4869 1759 4962; baseline 0.007 -26"><span class='ocrx_word' id='word_1_701' title='bbox 120 4891 187 4938; x_wconf 94' lang='lat' dir='ltr'><strong><em>non</em></strong></span> <span class='ocrx_word' id='word_1_702' title='bbox 204 4877 402 4940; x_wconf 88' lang='lat' dir='ltr'><strong><em>delectantur</em></strong></span> <span class='ocrx_word' id='word_1_703' title='bbox 416 4876 450 4937; x_wconf 92' lang='lat' dir='ltr'><strong><em>in</em></strong></span> <span class='ocrx_word' id='word_1_704' title='bbox 465 4877 528 4948; x_wconf 89' lang='lat' dir='ltr'><strong><em>eis,</em></strong></span> <span class='ocrx_word' id='word_1_705' title='bbox 547 4873 609 4934; x_wconf 90' lang='lat' dir='ltr'><strong><em>nisi</em></strong></span> <span class='ocrx_word' id='word_1_706' title='bbox 631 4869 806 4938; x_wconf 79' lang='lat' dir='ltr'><strong><em>secundum</em></strong></span> <span class='ocrx_word' id='word_1_707' title='bbox 826 4873 913 4951; x_wconf 82' lang='lat' dir='ltr'><strong><em>quod</em></strong></span> <span class='ocrx_word' id='word_1_708' title='bbox 965 4889 1013 4946; x_wconf 92' lang='lat' dir='ltr'><strong><em>re,</em></strong></span> <span class='ocrx_word' id='word_1_709' title='bbox 1033 4877 1070 4936; x_wconf 92' lang='grc' dir='ltr'><strong><em>ιιι</em></strong></span> <span class='ocrx_word' id='word_1_710' title='bbox 1089 4875 1128 4937; x_wconf 92' lang='lat' dir='ltr'><strong><em>ad</em></strong></span> <span class='ocrx_word' id='word_1_711' title='bbox 1148 4875 1235 4938; x_wconf 92' lang='lat' dir='ltr'><strong><em>illam</em></strong></span> <span class='ocrx_word' id='word_1_712' title='bbox 1260 4876 1502 4944; x_wconf 74' lang='lat' dir='ltr'><strong><em>delectationem</em></strong></span> <span class='ocrx_word' id='word_1_713' title='bbox 1520 4885 1697 4962; x_wconf 88' lang='lat' dir='ltr'><strong><em>perveniat.</em></strong></span> <span class='ocrx_word' id='word_1_714' title='bbox 1718 4885 1759 4948; x_wconf 86' lang='lat' dir='ltr'><strong><em>Et</em></strong></span> 
     </span>
     <span class='ocr_line' id='line_1_61' title="bbox 120 4950 1759 5096; baseline 0.007 -81"><span class='ocrx_word' id='word_1_715' title='bbox 120 4955 307 5018; x_wconf 78' lang='lat' dir='ltr'><strong><em>aeternatur</em></strong></span> <span class='ocrx_word' id='word_1_716' title='bbox 320 4955 360 5018; x_wconf 90' lang='lat' dir='ltr'><strong><em>ad</em></strong></span> <span class='ocrx_word' id='word_1_717' title='bbox 380 4954 543 5016; x_wconf 87' lang='lat' dir='ltr'><strong><em>sensibilia</em></strong></span> <span class='ocrx_word' id='word_1_718' title='bbox 561 4950 681 5023; x_wconf 80' lang='grc' dir='ltr'><strong>ιιιῑιιι,</strong></span> <span class='ocrx_word' id='word_1_719' title='bbox 699 4958 736 5010; x_wconf 90' lang='lat' dir='ltr'><strong><em>ut</em></strong></span> <span class='ocrx_word' id='word_1_720' title='bbox 749 4951 865 5042; x_wconf 81' lang='lat' dir='ltr'><strong><em>dicitur</em></strong></span> <span class='ocrx_word' id='word_1_721' title='bbox 879 4951 912 5042; x_wconf 84' lang='lat' dir='ltr'><strong><em>in</em></strong></span> <span class='ocrx_word' id='word_1_722' title='bbox 965 4954 1105 5031; x_wconf 86' lang='lat' dir='ltr'><strong><em>utroque</em></strong></span> <span class='ocrx_word' id='word_1_723' title='bbox 1121 4954 1214 5016; x_wconf 92' lang='lat' dir='ltr'><strong><em>modo</em></strong></span> <span class='ocrx_word' id='word_1_724' title='bbox 1226 4955 1330 5018; x_wconf 91' lang='lat' dir='ltr'><strong><em>luctus</em></strong></span> <span class='ocrx_word' id='word_1_725' title='bbox 1338 4975 1486 5096; x_wconf 48' lang='lat' dir='ltr'><strong><em>praesens</em></strong></span> <span class='ocrx_word' id='word_1_726' title='bbox 1501 4961 1541 5023; x_wconf 91' lang='lat' dir='ltr'><strong><em>ad</em></strong></span> <span class='ocrx_word' id='word_1_727' title='bbox 1556 4963 1759 5026; x_wconf 90' lang='lat' dir='ltr'><strong><em>consolatio-</em></strong></span> 
     </span>
     <span class='ocr_line' id='line_1_62' title="bbox 121 5028 1757 5116; baseline 0.009 -24"><span class='ocrx_word' id='word_1_728' title='bbox 121 5031 428 5113; x_wconf 76' lang='lat' dir='ltr'><strong><em>antnte.,cap.1o,</em></strong></span> <span class='ocrx_word' id='word_1_729' title='bbox 445 5030 466 5094; x_wconf 82' lang='grc' dir='ltr'><strong><em>ι</em></strong></span> <span class='ocrx_word' id='word_1_730' title='bbox 481 5031 563 5093; x_wconf 87' lang='lat' dir='ltr'><strong><em>med.</em></strong></span> <span class='ocrx_word' id='word_1_731' title='bbox 584 5030 624 5090; x_wconf 89' lang='lat' dir='ltr'><strong><em>Et</em></strong></span> <span class='ocrx_word' id='word_1_732' title='bbox 637 5028 708 5090; x_wconf 85' lang='lat' dir='ltr'><strong><em>ideo</em></strong></span> <span class='ocrx_word' id='word_1_733' title='bbox 722 5029 760 5090; x_wconf 92' lang='lat' dir='ltr'><strong><em>de</em></strong></span> <span class='ocrx_word' id='word_1_734' title='bbox 774 5030 914 5090; x_wconf 87' lang='lat' dir='ltr'><strong><em>sensrhr-</em></strong></span> <span class='ocrx_word' id='word_1_735' title='bbox 965 5046 1039 5090; x_wconf 87' lang='lat' dir='ltr'><strong><em>nem</em></strong></span> <span class='ocrx_word' id='word_1_736' title='bbox 1060 5029 1174 5095; x_wconf 83' lang='lat' dir='ltr'><strong><em>hrtnrte</em></strong></span> <span class='ocrx_word' id='word_1_737' title='bbox 1194 5032 1265 5096; x_wconf 77' lang='lat' dir='ltr'><strong><em>ritae</em></strong></span> <span class='ocrx_word' id='word_1_738' title='bbox 1279 5053 1337 5113; x_wconf 86' lang='lat' dir='ltr'><strong><em>per</em></strong></span> <span class='ocrx_word' id='word_1_739' title='bbox 1359 5037 1435 5112; x_wconf 89' lang='lat' dir='ltr'><strong><em>neit,</em></strong></span> <span class='ocrx_word' id='word_1_740' title='bbox 1456 5040 1534 5116; x_wconf 82' lang='lat' dir='ltr'><strong><em>quia</em></strong></span> <span class='ocrx_word' id='word_1_741' title='bbox 1547 5057 1588 5102; x_wconf 90' lang='lat' dir='ltr'><strong><em>ex</em></strong></span> <span class='ocrx_word' id='word_1_742' title='bbox 1604 5041 1665 5104; x_wconf 93' lang='lat' dir='ltr'><strong><em>hoc</em></strong></span> <span class='ocrx_word' id='word_1_743' title='bbox 1686 5041 1695 5102; x_wconf 94' lang='lat' dir='ltr'><strong><em>i</em></strong></span> <span class='ocrx_word' id='word_1_744' title='bbox 1720 5061 1757 5106; x_wconf 92' lang='lat' dir='ltr'><strong><em>so</em></strong></span> 
     </span>
     <span class='ocr_line' id='line_1_63' title="bbox 121 5063 1759 5201; baseline 0.01 -32"><span class='ocrx_word' id='word_1_745' title='bbox 121 5109 206 5175; x_wconf 91' lang='lat' dir='ltr'><strong><em>libus</em></strong></span> <span class='ocrx_word' id='word_1_746' title='bbox 221 5114 358 5176; x_wconf 89' lang='lat' dir='ltr'><strong><em>aliorum</em></strong></span> <span class='ocrx_word' id='word_1_747' title='bbox 378 5128 534 5174; x_wconf 89' lang='lat' dir='ltr'><strong><em>sensuum</em></strong></span> <span class='ocrx_word' id='word_1_748' title='bbox 556 5125 621 5201; x_wconf 80' lang='lat' dir='ltr'><strong><em>non</em></strong></span> <span class='ocrx_word' id='word_1_749' title='bbox 637 5107 754 5168; x_wconf 92' lang='lat' dir='ltr'><strong><em>dicitur</em></strong></span> <span class='ocrx_word' id='word_1_750' title='bbox 770 5107 914 5200; x_wconf 79' lang='lat' dir='ltr'><strong><em>essedo·</em></strong></span> <span class='ocrx_word' id='word_1_751' title='bbox 965 5106 1051 5198; x_wconf 74' lang='lat' dir='ltr'><strong><em>qudd</em></strong></span> <span class='ocrx_word' id='word_1_752' title='bbox 1073 5111 1169 5172; x_wconf 89' lang='lat' dir='ltr'><strong><em>homo</em></strong></span> <span class='ocrx_word' id='word_1_753' title='bbox 1187 5111 1276 5193; x_wconf 81' lang='lat' dir='ltr'><strong><em>luget</em></strong></span> <span class='ocrx_word' id='word_1_754' title='bbox 1293 5132 1352 5192; x_wconf 89' lang='lat' dir='ltr'><strong><em>pro</em></strong></span> <span class='ocrx_word' id='word_1_755' title='bbox 1372 5119 1509 5195; x_wconf 87' lang='lat' dir='ltr'><strong><em>peccatis</em></strong></span> <span class='ocrx_word' id='word_1_756' title='bbox 1530 5119 1582 5182; x_wconf 84' lang='lat' dir='ltr'><strong><em>vel</em></strong></span> <span class='ocrx_word' id='word_1_757' title='bbox 1596 5137 1655 5200; x_wconf 92' lang='lat' dir='ltr'><strong><em>pro</em></strong></span> <span class='ocrx_word' id='word_1_758' title='bbox 1669 5063 1759 5185; x_wconf 63' lang='lat' dir='ltr'><strong><em>atfa-</em></strong></span> 
     </span>
     <span class='ocr_line' id='line_1_64' title="bbox 121 5186 1757 5268; baseline 0.01 -21"><span class='ocrx_word' id='word_1_759' title='bbox 121 5187 184 5264; x_wconf 83' lang='lat' dir='ltr'><strong><em>lor,</em></strong></span> <span class='ocrx_word' id='word_1_760' title='bbox 198 5190 373 5253; x_wconf 90' lang='lat' dir='ltr'><strong><em>seeundhm</em></strong></span> <span class='ocrx_word' id='word_1_761' title='bbox 385 5190 469 5268; x_wconf 85' lang='lat' dir='ltr'><strong><em>quod</em></strong></span> <span class='ocrx_word' id='word_1_762' title='bbox 480 5192 698 5250; x_wconf 75' lang='lat' dir='ltr'><strong><em>contrariatur</em></strong></span> <span class='ocrx_word' id='word_1_763' title='bbox 708 5186 911 5248; x_wconf 73' lang='lat' dir='ltr'><strong><em>delectationi</em></strong></span> <span class='ocrx_word' id='word_1_764' title='bbox 965 5189 1052 5249; x_wconf 77' lang='lat' dir='ltr'><strong><em>tione</em></strong></span> <span class='ocrx_word' id='word_1_765' title='bbox 1070 5189 1196 5264; x_wconf 81' lang='lat' dir='ltr'><strong><em>aloriae,</em></strong></span> <span class='ocrx_word' id='word_1_766' title='bbox 1218 5197 1361 5254; x_wconf 88' lang='lat' dir='ltr'><strong><em>meretur</em></strong></span> <span class='ocrx_word' id='word_1_767' title='bbox 1383 5197 1636 5260; x_wconf 88' lang='lat' dir='ltr'><strong><em>consolationem</em></strong></span> <span class='ocrx_word' id='word_1_768' title='bbox 1657 5205 1757 5264; x_wconf 81' lang='lat' dir='ltr'><strong><em>teter·-</em></strong></span> 
     </span>
     <span class='ocr_line' id='line_1_65' title="bbox 122 5255 1757 5356; baseline 0.01 -30"><span class='ocrx_word' id='word_1_769' title='bbox 122 5271 279 5342; x_wconf 88' lang='lat' dir='ltr'><strong><em>naturali,</em></strong></span> <span class='ocrx_word' id='word_1_770' title='bbox 295 5271 349 5331; x_wconf 90' lang='lat' dir='ltr'><strong><em>sed</em></strong></span> <span class='ocrx_word' id='word_1_771' title='bbox 365 5287 416 5330; x_wconf 92' lang='lat' dir='ltr'><strong><em>ma</em></strong></span> <span class='ocrx_word' id='word_1_772' title='bbox 440 5269 466 5329; x_wconf 91' lang='lat' dir='ltr'><strong><em>is</em></strong></span> <span class='ocrx_word' id='word_1_773' title='bbox 483 5265 630 5341; x_wconf 87' lang='lat' dir='ltr'><strong><em>tristitia,</em></strong></span> <span class='ocrx_word' id='word_1_774' title='bbox 645 5281 718 5343; x_wconf 75' lang='lat' dir='ltr'><strong><em>quae</em></strong></span> <span class='ocrx_word' id='word_1_775' title='bbox 731 5265 914 5327; x_wconf 88' lang='lat' dir='ltr'><strong><em>contraria-</em></strong></span> <span class='ocrx_word' id='word_1_776' title='bbox 964 5269 1051 5328; x_wconf 79' lang='lat' dir='ltr'><strong><em>narn.</em></strong></span> <span class='ocrx_word' id='word_1_777' title='bbox 1066 5255 1216 5330; x_wconf 85' lang='lat' dir='ltr'><strong><em>Similiter</em></strong></span> <span class='ocrx_word' id='word_1_778' title='bbox 1228 5276 1370 5333; x_wconf 89' lang='lat' dir='ltr'><strong><em>meretur</em></strong></span> <span class='ocrx_word' id='word_1_779' title='bbox 1385 5273 1483 5337; x_wconf 88' lang='lat' dir='ltr'><strong><em>etiam</em></strong></span> <span class='ocrx_word' id='word_1_780' title='bbox 1495 5293 1566 5339; x_wconf 85' lang='lat' dir='ltr'><strong><em>earn</em></strong></span> <span class='ocrx_word' id='word_1_781' title='bbox 1581 5276 1700 5356; x_wconf 88' lang='lat' dir='ltr'><strong><em>aliquis</em></strong></span> <span class='ocrx_word' id='word_1_782' title='bbox 1713 5297 1757 5342; x_wconf 86' lang='lat' dir='ltr'><strong><em>ex</em></strong></span> 
     </span>
     <span class='ocr_line' id='line_1_66' title="bbox 121 5287 1757 5434; baseline 0.01 -30"><span class='ocrx_word' id='word_1_783' title='bbox 121 5348 303 5428; x_wconf 71' lang='lat' dir='ltr'><strong><em>tergaudio</em></strong></span> <span class='ocrx_word' id='word_1_784' title='bbox 317 5287 460 5412; x_wconf 63' lang='lat' dir='ltr'><strong><em>enimait.</em></strong></span> <span class='ocrx_word' id='word_1_785' title='bbox 483 5346 535 5408; x_wconf 87' lang='lat' dir='ltr'><strong><em>Sic</em></strong></span> <span class='ocrx_word' id='word_1_786' title='bbox 552 5345 650 5424; x_wconf 75' lang='lat' dir='ltr'><strong><em>igitur</em></strong></span> <span class='ocrx_word' id='word_1_787' title='bbox 667 5343 696 5404; x_wconf 89' lang='lat' dir='ltr'><strong><em>si</em></strong></span> <span class='ocrx_word' id='word_1_788' title='bbox 715 5342 806 5403; x_wconf 91' lang='lat' dir='ltr'><strong><em>dolor</em></strong></span> <span class='ocrx_word' id='word_1_789' title='bbox 825 5345 913 5404; x_wconf 87' lang='lat' dir='ltr'><strong><em>aeci·</em></strong></span> <span class='ocrx_word' id='word_1_790' title='bbox 963 5343 1026 5405; x_wconf 89' lang='lat' dir='ltr'><strong><em>hoe</em></strong></span> <span class='ocrx_word' id='word_1_791' title='bbox 1041 5345 1127 5423; x_wconf 82' lang='lat' dir='ltr'><strong><em>qaod</em></strong></span> <span class='ocrx_word' id='word_1_792' title='bbox 1147 5347 1187 5410; x_wconf 87' lang='lat' dir='ltr'><strong><em>ad</em></strong></span> <span class='ocrx_word' id='word_1_793' title='bbox 1209 5347 1313 5425; x_wconf 89' lang='lat' dir='ltr'><strong><em>ipsam</em></strong></span> <span class='ocrx_word' id='word_1_794' title='bbox 1331 5355 1590 5431; x_wconf 87' lang='lat' dir='ltr'><strong><em>consequendam</em></strong></span> <span class='ocrx_word' id='word_1_795' title='bbox 1611 5372 1678 5434; x_wconf 80' lang='lat' dir='ltr'><strong><em>non</em></strong></span> <span class='ocrx_word' id='word_1_796' title='bbox 1697 5374 1757 5420; x_wconf 90' lang='lat' dir='ltr'><strong><em>re-</em></strong></span> 
     </span>
     <span class='ocr_line' id='line_1_67' title="bbox 122 5421 1754 5516; baseline 0.009 -32"><span class='ocrx_word' id='word_1_797' title='bbox 122 5425 229 5501; x_wconf 84' lang='lat' dir='ltr'><strong><em>piatnr</em></strong></span> <span class='ocrx_word' id='word_1_798' title='bbox 250 5444 309 5506; x_wconf 90' lang='lat' dir='ltr'><strong><em>pro</em></strong></span> <span class='ocrx_word' id='word_1_799' title='bbox 330 5425 489 5504; x_wconf 89' lang='lat' dir='ltr'><strong><em>corporali</em></strong></span> <span class='ocrx_word' id='word_1_800' title='bbox 510 5424 621 5486; x_wconf 93' lang='lat' dir='ltr'><strong><em>dolore</em></strong></span> <span class='ocrx_word' id='word_1_801' title='bbox 639 5421 742 5500; x_wconf 92' lang='lat' dir='ltr'><strong><em>(quod</em></strong></span> <span class='ocrx_word' id='word_1_802' title='bbox 762 5422 910 5484; x_wconf 87' lang='lat' dir='ltr'><strong><em>usitatius</em></strong></span> <span class='ocrx_word' id='word_1_803' title='bbox 963 5421 1045 5501; x_wconf 73' lang='lat' dir='ltr'><strong><em>legit</em></strong></span> <span class='ocrx_word' id='word_1_804' title='bbox 1060 5426 1187 5488; x_wconf 86' lang='lat' dir='ltr'><strong><em>labores</em></strong></span> <span class='ocrx_word' id='word_1_805' title='bbox 1200 5431 1231 5488; x_wconf 88' lang='grc' dir='ltr'><strong><em>ιι</em></strong></span> <span class='ocrx_word' id='word_1_806' title='bbox 1242 5429 1409 5508; x_wconf 73' lang='lat' dir='ltr'><strong><em>angustias</em></strong></span> <span class='ocrx_word' id='word_1_807' title='bbox 1423 5435 1555 5513; x_wconf 89' lang='lat' dir='ltr'><strong><em>propter</em></strong></span> <span class='ocrx_word' id='word_1_808' title='bbox 1564 5433 1667 5516; x_wconf 84' lang='lat' dir='ltr'><strong><em>ipsam</em></strong></span> <span class='ocrx_word' id='word_1_809' title='bbox 1678 5451 1754 5498; x_wconf 82' lang='grc' dir='ltr'><strong>ιιιι-</strong></span> 
     </span>
     <span class='ocr_line' id='line_1_68' title="bbox 122 5500 1076 5596; baseline 0 -34"><span class='ocrx_word' id='word_1_810' title='bbox 122 5504 204 5596; x_wconf 76' lang='grc' dir='ltr'><strong>ιιι),</strong></span> <span class='ocrx_word' id='word_1_811' title='bbox 219 5507 311 5566; x_wconf 90' lang='lat' dir='ltr'><strong><em>dolor</em></strong></span> <span class='ocrx_word' id='word_1_812' title='bbox 329 5522 370 5566; x_wconf 86' lang='lat' dir='ltr'><strong><em>ex</em></strong></span> <span class='ocrx_word' id='word_1_813' title='bbox 391 5504 538 5582; x_wconf 88' lang='lat' dir='ltr'><strong><em>opposito</em></strong></span> <span class='ocrx_word' id='word_1_814' title='bbox 552 5502 704 5563; x_wconf 83' lang='lat' dir='ltr'><strong><em>dividitur</em></strong></span> <span class='ocrx_word' id='word_1_815' title='bbox 719 5505 831 5562; x_wconf 90' lang='lat' dir='ltr'><strong><em>eontra</em></strong></span> <span class='ocrx_word' id='word_1_816' title='bbox 848 5500 912 5562; x_wconf 90' lang='lat' dir='ltr'><strong><em>tri-</em></strong></span> <span class='ocrx_word' id='word_1_817' title='bbox 963 5501 1076 5564; x_wconf 86' lang='lat' dir='ltr'><strong><em>tinere.</em></strong></span> 
     </span>
     <span class='ocr_line' id='line_1_69' title="bbox 116 5578 1756 5672; baseline 0.008 -30"><span class='ocrx_word' id='word_1_818' title='bbox 116 5582 257 5656; x_wconf 83' lang='lat' dir='ltr'><strong><em>stiuam,</em></strong></span> <span class='ocrx_word' id='word_1_819' title='bbox 275 5579 449 5646; x_wconf 80' lang='lat' dir='ltr'><strong><em>secundum</em></strong></span> <span class='ocrx_word' id='word_1_820' title='bbox 469 5581 705 5643; x_wconf 85' lang='lat' dir='ltr'><strong><em>distinctionem</em></strong></span> <span class='ocrx_word' id='word_1_821' title='bbox 723 5578 912 5657; x_wconf 86' lang='lat' dir='ltr'><strong><em>apprehen·</em></strong></span> <span class='ocrx_word' id='word_1_822' title='bbox 1002 5579 1050 5640; x_wconf 79' lang='lat' dir='ltr'><strong><em>hd</em></strong></span> <span class='ocrx_word' id='word_1_823' title='bbox 1070 5581 1248 5646; x_wconf 85' lang='lat' dir='ltr'><strong><em>secundum</em></strong></span> <span class='ocrx_word' id='word_1_824' title='bbox 1270 5584 1437 5651; x_wconf 88' lang='lat' dir='ltr'><strong><em>dicendum</em></strong></span> <span class='ocrx_word' id='word_1_825' title='bbox 1458 5587 1546 5668; x_wconf 81' lang='lat' dir='ltr'><strong><em>quod</em></strong></span> <span class='ocrx_word' id='word_1_826' title='bbox 1571 5589 1663 5652; x_wconf 92' lang='lat' dir='ltr'><strong><em>dolor</em></strong></span> <span class='ocrx_word' id='word_1_827' title='bbox 1685 5589 1756 5672; x_wconf 87' lang='lat' dir='ltr'><strong><em>ipse</em></strong></span> 
     </span>
     <span class='ocr_line' id='line_1_70' title="bbox 123 5655 1754 5748; baseline 0.01 -29"><span class='ocrx_word' id='word_1_828' title='bbox 123 5659 220 5723; x_wconf 83' lang='lat' dir='ltr'><strong><em>sionis</em></strong></span> <span class='ocrx_word' id='word_1_829' title='bbox 240 5661 401 5724; x_wconf 89' lang='lat' dir='ltr'><strong><em>interioris</em></strong></span> <span class='ocrx_word' id='word_1_830' title='bbox 421 5665 453 5722; x_wconf 91' lang='lat' dir='ltr'><strong><em>et</em></strong></span> <span class='ocrx_word' id='word_1_831' title='bbox 466 5660 653 5730; x_wconf 84' lang='lat' dir='ltr'><strong><em>exterioris,</em></strong></span> <span class='ocrx_word' id='word_1_832' title='bbox 669 5657 743 5720; x_wconf 77' lang='lat' dir='ltr'><strong><em>lieet</em></strong></span> <span class='ocrx_word' id='word_1_833' title='bbox 754 5655 911 5735; x_wconf 81' lang='lat' dir='ltr'><strong><em>quantum</em></strong></span> <span class='ocrx_word' id='word_1_834' title='bbox 963 5663 1149 5736; x_wconf 88' lang='lat' dir='ltr'><strong><em>potestesse</em></strong></span> <span class='ocrx_word' id='word_1_835' title='bbox 1161 5661 1357 5728; x_wconf 89' lang='lat' dir='ltr'><strong><em>delectabilis</em></strong></span> <span class='ocrx_word' id='word_1_836' title='bbox 1367 5684 1426 5744; x_wconf 89' lang='lat' dir='ltr'><strong><em>per</em></strong></span> <span class='ocrx_word' id='word_1_837' title='bbox 1436 5668 1596 5743; x_wconf 89' lang='lat' dir='ltr'><strong><em>accidens,</em></strong></span> <span class='ocrx_word' id='word_1_838' title='bbox 1606 5671 1638 5730; x_wconf 92' lang='lat' dir='ltr'><strong><em>in</em></strong></span> <span class='ocrx_word' id='word_1_839' title='bbox 1650 5686 1754 5748; x_wconf 74' lang='grc' dir='ltr'><strong>ιιιιιιι-</strong></span> 
     </span>
     <span class='ocr_line' id='line_1_71' title="bbox 123 5734 1751 5823; baseline 0.006 -21"><span class='ocrx_word' id='word_1_840' title='bbox 123 5736 162 5802; x_wconf 79' lang='lat' dir='ltr'><strong><em>td</em></strong></span> <span class='ocrx_word' id='word_1_841' title='bbox 184 5740 306 5816; x_wconf 68' lang='lat' dir='ltr'><strong><em>obiecta</em></strong></span> <span class='ocrx_word' id='word_1_842' title='bbox 329 5739 495 5802; x_wconf 84' lang='lat' dir='ltr'><strong><em>delectatio</em></strong></span> <span class='ocrx_word' id='word_1_843' title='bbox 520 5737 560 5801; x_wconf 88' lang='lat' dir='ltr'><strong><em>ad</em></strong></span> <span class='ocrx_word' id='word_1_844' title='bbox 585 5737 679 5820; x_wconf 86' lang='lat' dir='ltr'><strong><em>plura</em></strong></span> <span class='ocrx_word' id='word_1_845' title='bbox 702 5755 737 5800; x_wconf 87' lang='lat' dir='ltr'><strong><em>se</em></strong></span> <span class='ocrx_word' id='word_1_846' title='bbox 760 5734 912 5799; x_wconf 91' lang='lat' dir='ltr'><strong><em>extendat</em></strong></span> <span class='ocrx_word' id='word_1_847' title='bbox 963 5743 1031 5799; x_wconf 89' lang='lat' dir='ltr'><strong><em>tum</em></strong></span> <span class='ocrx_word' id='word_1_848' title='bbox 1045 5739 1166 5803; x_wconf 89' lang='lat' dir='ltr'><strong><em>seilicet</em></strong></span> <span class='ocrx_word' id='word_1_849' title='bbox 1185 5739 1282 5804; x_wconf 83' lang='lat' dir='ltr'><strong><em>hahet</em></strong></span> <span class='ocrx_word' id='word_1_850' title='bbox 1298 5741 1482 5823; x_wconf 71' lang='lat' dir='ltr'><strong><em>adiunctam</em></strong></span> <span class='ocrx_word' id='word_1_851' title='bbox 1495 5745 1751 5821; x_wconf 88' lang='lat' dir='ltr'><strong><em>admirationem.</em></strong></span> 
     </span>
    </p>
   </div>
   <div class='ocr_carea' id='block_1_6' title="bbox 0 0 2008 6340">
    <p class='ocr_par' dir='ltr' id='par_1_7' title="bbox 0 0 2008 6340">
     <span class='ocr_line' id='line_1_72' title="bbox 0 0 2008 6340; baseline 0 1"><span class='ocrx_word' id='word_1_852' title='bbox 0 0 2008 6340; x_wconf 95' lang='lat' dir='ltr'><strong><em> </em></strong></span> 
     </span>
    </p>
   </div>
  </div>
 </body>
</html>
