4038 6350
283 372 287 376 -
310 368 359 424 ⁸52
773 361 902 423 scurra
921 355 1144 418 rrreouccrcn
1164 359 1268 416 ιιιιιι
1288 363 1466 422 secunde.
1856 371 1898 434 ut

310 479 384 548 liliis
398 478 497 542 lsrael
512 496 570 556 per
587 494 702 540 manus
718 477 895 558 pontilicis,
913 475 968 554 qui
983 473 1098 536 orabat
1151 477 1200 539 lex
1213 479 1350 542 habebat
1362 485 1433 542 octo
1445 486 1633 544 ornamenta
1644 501 1652 542 ε
1663 480 1762 560 primd
1772 486 1899 550 onemha-

310 578 372 640 pro
384 561 442 622 eis.
455 556 616 622 hlinorum
632 557 710 619 verd
724 555 923 621 sacerdotum
939 553 1016 616 soles
1030 571 1099 617 ma·
1152 553 1242 620 bcbat
1255 567 1366 620 vestem
1381 559 1492 620 tineam
1501 579 1511 628 ,·
1530 559 1669 622 secundis
1684 561 1811 624 habebat
1826 567 1898 627 tuni·

311 657 373 702 uus
392 640 681 710 consecrabantur,
705 638 883 714 quaerant
900 631 1098 711 applicanda
1150 648 1215 690 cam
1227 635 1469 717 hyacinthinam,
1484 639 1518 698 in
1532 639 1624 718 cujus
1638 640 1827 702 extremitate
1838 660 1899 704 vaf..

310 717 351 781 ad
365 716 537 788 sacrificia3
552 716 631 777 etde
646 715 804 794 sanguine
818 711 965 774 animalis
980 711 1099 772 immo-
1149 707 1204 770 sies
1218 717 1309 788 pedes
1326 718 1530 794 ponebantur
1549 735 1607 796 per
1627 717 1790 780 circuitam
1806 720 1899 782 tintin-

222 833 223 838 κ
309 797 402 859 latitii
428 794 605 874 tingebatur
624 800 793 855 extremum
812 790 962 852 auriculae
979 789 1098 850 dextre
1148 786 1264 849 nebule
1287 794 1443 874 qaedam,
1474 800 1507 858 et
1530 795 1612 856 mata
1637 797 1753 875 punica
1777 793 1849 860 iacta
1870 818 1899 860 aa

309 875 465 956 ipserum,
485 881 513 934 et
528 873 660 952 pollices
670 871 760 951 pedis
776 877 831 930 aut
844 869 954 929 munds
966 867 1095 937 dextrae,
1148 864 1324 946 hyacinthe,
1344 880 1372 932 ct
1396 875 1551 953 purpure,
1571 891 1721 953 coccoque
1742 873 1785 936 dis
1805 876 1901 944 tincta:

308 959 346 1023 ιιι
360 954 481 1016 scilicet
494 957 600 1016 esseut
613 951 795 1012 obedientes
809 947 871 1041 legi
885 946 942 1008 bei
956 947 990 1007 in
1003 945 1098 1038 obla·
1148 944 1242 1006 tertio
1264 946 1399 1012 habebat
1418 951 1676 1030 superhumerale,
1695 951 1778 1029 quod
1846 955 1901 1016 ebat

307 1033 396 1096 tiouc
415 1031 657 1103 sacrificiorum,
673 1027 758 1108 quod
776 1025 974 1106 signeficatur
987 1025 1020 1085 in
1038 1041 1097 1084 ιιι-
1149 1023 1299 1086 humeros
1315 1028 1682 1108 etanteriorempartem
1694 1047 1823 1107 usquea
1849 1032 1900 1094 ciu-

307 1111 462 1174 tinctione
477 1110 564 1171 euris
579 1109 714 1175 decere·
737 1111 768 1168 et
782 1104 866 1185 quod
882 1108 989 1165 essent
1001 1103 1098 1165 solli·
1148 1102 1276 1180 gutum,
1292 1109 1377 1180 quod
1395 1112 1465 1170 erat
1488 1128 1527 1170 ea
1545 1126 1624 1170 oure
1637 1155 1645 1179 ,
1657 1117 1689 1168 et
1702 1108 1900 1188 hyacinthum

308 1191 364 1253 citi
382 1197 413 1251 et
430 1187 569 1267 prompti
590 1187 623 1248 in
642 1186 832 1250 executione
851 1181 1094 1256 sacrificiorum,
1144 1182 1301 1260 perpetret,
1319 1186 1520 1268 ceccopuedis
1531 1189 1641 1257 timete
1653 1194 1681 1247 et
1695 1185 1905 1268 merccdariis.

331 1267 395 1329 uod
410 1259 1097 1356 significaturinintinctionepedisetmamis
1148 1262 1180 1319 ct
1201 1277 1299 1337 super
1319 1259 1466 1328 humeros
1488 1266 1629 1328 habebat
1648 1265 1727 1326 deme
1808 1265 1899 1335 chinea,

307 1287 437 1408 dextre.
462 1347 723 1425 hspergebantur
741 1344 838 1404 etiam
861 1341 921 1420 apsi
942 1344 974 1400 et
993 1339 1097 1400 vesti·
1147 1336 1181 1398 iu
1209 1339 1327 1416 guribus
1358 1350 1450 1403 erant
1477 1345 1607 1423 sculpta
1635 1343 1764 1406 nomina
1809 1344 1899 1408 uam

307 1429 416 1490 menta
430 1441 542 1488 eorum
555 1423 713 1516 sauguine
725 1420 873 1482 animalis
883 1417 1049 1490 immolati,
1063 1418 1096 1478 in
1147 1416 1259 1478 lsrael.
1285 1417 1442 1491 Quartum
1467 1427 1536 1485 crat
1561 1422 1727 1490 rationale,
1752 1440 1791 1483 ex
1815 1419 1901 1484 adden

307 1503 496 1566 memoriam
514 1501 679 1582 sanguinis
694 1501 767 1638 ιιῇιιί
783 1515 952 1579 perquem
968 1497 1097 1590 suerum
1148 1494 1283 1560 matoria
1305 1495 1442 1590 lactum,
1465 1501 1549 1578 quod
1574 1505 1645 1563 erat
1666 1499 1860 1578 quadratum,
1879 1505 1902 1562 et

308 1581 436 1647 liberati
457 1601 498 1644 ex
519 1581 666 1661 AEgypto.
691 1580 718 1641 0
743 1580 916 1640 erebantur
933 1583 1041 1638 autem
1062 1593 1096 1638 ιιι
1148 1577 1329 1652 ponebatur
1343 1591 1376 1635 ιιι
1385 1581 1531 1655 pectore,
1554 1584 1586 1642 et
1600 1579 1843 1658 conjungebatur
1857 1596 1903 1639 su-

306 1677 419 1723 eorum
440 1659 682 1723 consecratione
705 1656 888 1737 huiusmodi
907 1653 1090 1717 sacrillcia:
1147 1653 1381 1730 perhumerali3
1397 1660 1429 1717 et
1448 1656 1481 1717 iu
1500 1657 1562 1719 hoc
1574 1657 1725 1721 rationali
1745 1656 1902 1718 erauldu-

306 1738 426 1804 uitulus
437 1757 498 1819 pre
506 1739 687 1818 peccato,in
698 1735 884 1798 memoriam
898 1733 1095 1795 remissionis
1147 1731 1245 1792 decim
1265 1731 1382 1810 lapides
1402 1735 1536 1826 pretiosi
1556 1735 1703 1798 distincti
1722 1752 1778 1816 per
1795 1743 1900 1815 quatum

307 1811 1096 1958 tebthttttt,t‘⁶³a¹¹ttt’tbte*theatt:
1147 1809 1904 1955 aditeattiuha,lattebah

308 1975 461 2048 Abrahae,
478 1975 569 2064 eujus
588 1943 801 2035 obedientiam
819 1969 963 2048 pontifex
979 1968 1096 2030 imitari
1147 1961 1233 2044 qaod
1249 1967 1344 2030 terret
1356 1985 1438 2032 onus
1453 1911 1685 2050 toti’ugpopuli,
1703 1989 1760 2049 per
1793 1989 1828 2032 oc
1839 1969 1904 2048 qudi

306 2053 459 2126 debebam
477 2070 558 2114 arces
574 2053 670 2113 etiam
684 2049 938 2116 consecrationis,
959 2048 1097 2124 quierat
1147 2044 1287 2107 habebat
1306 2049 1434 2109 nomina
1453 2067 1565 2111 corum
1580 2051 1613 2110 in
1628 2051 1782 2120 humeris,
1795 2055 1823 2110 et
1839 2048 1904 2126 qudl

306 2131 405 2271 itti}
419 2127 1098 2294 tristitia,tucceta,{teu
1145 2121 1905 2285 iti¹tetstatur{strictitatem

898 2241 906 2264 ,
981 2250 989 2278 ‚
1044 2248 1046 2250 ,
1083 2238 1097 2250 .
1768 2251 1776 2278 ‚

306 2295 406 2348 rtrum
426 2293 533 2350 autem
549 2304 687 2367 penetra,
707 2286 741 2347 iu
763 2284 949 2346 memoriam
971 2299 1097 2344 manum
1148 2281 1242 2342 corde
1263 2282 1394 2344 habens.
1414 2284 1450 2345 ln
1465 2300 1531 2363 quo
1551 2287 1648 2347 etiam
1662 2284 1810 2348 rationali
1829 2299 1905 2344 mau-

305 2367 456 2446 praestitec
472 2367 603 2444 populo.
622 2365 804 2426 pertinebat
816 2367 923 2424 autem
936 2361 975 2422 ad
990 2362 1098 2440 appli-
1147 2360 1234 2422 davit
1247 2357 1400 2423 Dominus
1417 2365 1494 2442 poni
1509 2363 1687 2427 doctrinam
1706 2367 1738 2424 et
1753 2362 1906 2427 eentum:

306 2445 464 2508 cationem
481 2444 649 2506 ministerii
664 2441 748 2523 qudd
760 2443 984 2520 imponebatur
999 2457 1097 2518 super
1147 2439 1225 2515 quia
1239 2438 1386 2518 quaedam
1403 2443 1591 2518 pertinentia
1605 2442 1645 2505 ad
1657 2443 1821 2503 veritatem
1829 2439 1906 2518 justi-

306 2539 422 2585 manus
446 2540 559 2585 eorum
580 2523 674 2602 adeps
697 2521 822 2588 arietis,
844 2525 875 2581 et
896 2527 981 2580 terta
1001 2518 1097 2598 penis
1147 2517 1199 2578 tiro
1212 2521 1244 2580 et
1259 2517 1684 2583 doctrinmseribebanturiu
1703 2518 1905 2582 illorationali.

305 2601 412 2669 unias,
425 2606 455 2664 et
467 2619 571 2663 armus
585 2602 711 2668 dexter:
727 2602 762 2659 ut
777 2597 999 2660 ostenderetur
1011 2597 1096 2675 qudd
1143 2595 1246 2658 'iudai
1273 2601 1380 2657 tamen
1400 2595 1593 2673 fabulantur,
1620 2598 1709 2677 qudd
1732 2599 1765 2658 iu
1785 2595 1906 2660 rationali

306 2679 506 2758 accipiebant
527 2683 718 2759 potestatem
740 2675 921 2756 hujusmodi
942 2673 1096 2737 olierendi
1148 2679 1218 2736 erat
1242 2675 1340 2754 lapis,¹
1358 2675 1415 2752 qui
1438 2675 1613 2740 seeundum
1641 2678 1785 2738 diversos
1807 2677 1907 2736 colores

305 2757 454 2820 Domino.
470 2759 586 2822 Levitae
597 2757 673 2820 verb
688 2757 934 2836 applicabantur
947 2753 987 2815 ad
999 2754 1097 2814 mini·
1147 2755 1333 2814 mutabatur
1353 2754 1524 2816 secundum
1547 2756 1674 2818 diversa
1687 2771 1763 2834 quc
1775 2754 1906 2816 debebant

305 2839 439 2900 sterium
451 2856 510 2915 per
521 2838 582 2900 hoc
594 2836 681 2914 qudd
692 2834 988 2896 intromittebantur
1002 2833 1034 2894 in
1048 2835 1097 2895 ta·
1147 2831 1291 2893 accidere
1305 2830 1379 2892 liliis
1396 2832 1512 2907 lsrael;
1527 2839 1560 2896 et
1571 2836 1632 2896 hoc
1645 2837 1766 2896 vocant
1776 2832 1907 2895 emitetm

306 2915 519 2978 bernaeulum
533 2915 670 2986 ioederis,
686 2913 781 2991 quasi
794 2912 834 2976 ad
848 2911 1096 2974 ministrandum
1147 2914 1177 2971 et
1192 2910 1378 2972 doctrinam.
1397 2910 1546 2984 Quintum
1561 2918 1631 2976 erat
1651 2911 1801 2980 baltheus,
1819 2911 1845 2971 id
1863 2913 1907 2978 est,

306 2993 392 3056 eirca
411 3011 488 3058 vasa
501 2993 693 3056 Sanctuarii.
1147 2989 1294 3068 cingulus
1307 2989 1438 3067 quidam
1456 2989 1551 3054 lactus
1567 3009 1608 3054 ex
1622 2991 1781 3071 predictis
1795 2995 1907 3068 quatuor

257 3133 262 3138 .
345 3073 504 3158 Figuralis
524 3073 600 3136 verb
619 3072 733 3132 horum
748 3070 831 3132 ratio
852 3073 933 3143 crat,
951 3067 1029 3146 quia
1048 3068 1096 3130 illi
1147 3067 1319 3129 coloribus.
1343 3067 1475 3130 Sextum
1497 3074 1566 3133 erat
1584 3071 1676 3139 tiara,
1701 3070 1810 3141 idest,
1832 3069 1907 3128 mitra

304 3149 690 3291 thsdtesr‘tttttt
705 3147 1097 3307 tdahi‘ittiiitiilii
1146 3145 1907 3304 institute,'’estntt¹²¹t.ttu.e¹¹t,t“t

541 3273 549 3304 ς
1217 3271 1218 3274 ’
1397 3271 1405 3294 Ι
1856 3267 1864 3295 i

305 3302 1097 3462 ttttttitt{tetttttdttuttlttitt:
1146 3302 1908 3462 ttamenttutttttdffttbittit

305 3463 448 3542 geticum
464 3463 674 3534 sacrificium
691 3469 722 3523 ct
734 3461 849 3524 debent
867 3461 974 3522 radere
993 3479 1095 3521 omues
1147 3475 1276 3520 carnem
1296 3461 1502 3538 turpitudinis
1520 3477 1598 3536 sue,
1617 3463 1750 3541 quando
1772 3459 1907 3523 accederet

302 3541 388 3622 pilos
403 3543 518 3610 cernis,
539 3541 568 3602 id
590 3547 648 3615 est,
670 3558 780 3602 ornnes
792 3557 910 3634 pravas
923 3540 1096 3618 cogitatio·
1146 3537 1184 3598 ad
1198 3540 1429 3609 sanctuarium,
1445 3540 1496 3602 rel
1512 3538 1550 3602 ad
1560 3543 1667 3604 altare.
1686 3542 1733 3601 Ex
1749 3540 1814 3602 istis
1823 3543 1908 3599 auten

304 3637 382 3693 ues3
398 3621 514 3682 dehent
527 3622 622 3682 ctiam
640 3621 751 3681 ornari
770 3619 957 3690 vertutibus,
971 3622 1097 3680 etcon-
1146 3621 1217 3677 octo
1241 3619 1438 3680 ornamentis
1464 3618 1600 3681 minores
1624 3619 1807 3682 sacerdotes
1829 3616 1908 3676 habe-

303 3699 423 3761 secrari
450 3701 521 3762 oleo
544 3698 679 3776 Spiritus
705 3697 826 3769 saneti,
851 3699 883 3758 et
908 3697 1095 3774 aspersione
1146 3695 1223 3754 bant
1242 3700 1393 3772 quatuor,
1409 3696 1529 3758 scilieet
1548 3699 1682 3760 tunicam
1699 3697 1820 3765 lineam,
1833 3694 1908 3776 (eae

303 3777 472 3856 sanguinis
493 3777 627 3850 Christi3
651 3781 683 3838 et
702 3777 749 3839 sic
766 3775 882 3837 debent
895 3791 966 3836 esse
981 3775 1094 3836 intenti
1145 3773 1239 3842 ralia,
1256 3771 1408 3836 baltheum
1421 3781 1453 3836 et
1468 3775 1590 3836 tiorum.

303 3854 344 3918 ad
356 3857 546 3934 exequenda
561 3856 743 3935 spiritualia
759 3854 948 3916 ministeria.
1187 3852 1308 3913 Horum
1334 3859 1596 3915 ornamentorum
1615 3851 1746 3934 quidam
1775 3852 1907 3914 rationem

344 3934 392 3994 hd
412 3933 569 3998 decimum
594 3934 762 3996 dicendum
788 3932 895 4011 qudd,
922 3933 1005 3993 sicut
1026 3931 1093 4011 jam
1145 3929 1314 3994 litteralem
1338 3933 1517 4024 assignant,
1538 3929 1673 3996 dicentes
1699 3931 1787 4010 qudd
1808 3927 1907 3991 inistis

303 4011 422 4074 dictum
434 4018 493 4086 est,
504 4013 537 4073 in
553 4013 648 4074 solut.
662 4029 770 4090 praec,
785 4016 817 4072 et
829 4015 890 4073 art.
905 4008 924 4069 t
938 4009 1006 4090 huj.
1022 4029 1092 4103 qm,
1145 4011 1341 4071 ornamentis
1354 4010 1583 4090 designabatur
1593 4011 1758 4088 dispositio
1770 4009 1849 4072 orbis
1861 4011 1908 4065 ler-

303 4088 439 4152 iuteutio
458 4092 537 4170 legis
559 4095 628 4154 erat
649 4091 801 4152 inducero
824 4089 864 4152 ad
881 4094 1093 4152 reverentiam
1144 4100 1266 4161 rarum,
1280 4089 1372 4166 quasi
1388 4089 1530 4168 pontilex
1540 4093 1789 4168 protestaretur,
1812 4100 1908 4149 secsse

302 4167 402 4228 divini
424 4169 547 4241 cullds3
567 4173 599 4231 et
622 4170 683 4230 hoc
704 4169 873 4246 dupliciter
890 4187 897 4227 r
914 4184 980 4227 uno
999 4169 1092 4231 modo
1144 4167 1325 4226 urinistrum
1339 4167 1499 4229 Creatoris
1514 4168 1636 4228 mundi.
1646 4167 1734 4231 linde
1748 4169 1838 4228 etiam
1849 4164 1906 4238 Sap.

303 4245 532 4310 excludendod
549 4249 637 4308 cultu
651 4248 758 4308 divino
772 4263 866 4307 omne
881 4246 1011 4323 idquod
1029 4264 1094 4325 po-
1145 4242 1193 4316 18,
1207 4242 1259 4318 bb,
1277 4245 1392 4305 dicitur
1403 4245 1488 4325 qudd
1504 4246 1537 4306 in
1555 4255 1644 4308 veste
1659 4251 1765 4308 Aaron
1782 4247 1847 4306 erat
1864 4241 1907 4300 de-

302 4326 387 4386 terat
406 4342 477 4386 esse
501 4327 756 4403 contemptibile;
783 4325 847 4384 alio
868 4325 961 4384 modo
986 4341 1094 4404 appo-
1144 4322 1280 4400 scriptus
1293 4324 1379 4386 orbis
1393 4328 1565 4386 terrarum.
1580 4325 1660 4386 Nam
1677 4317 1907 4405 femoralialime

302 4402 410 4464 ueudo
431 4402 470 4465 ad
491 4405 613 4466 cultum
634 4402 776 4466 divinum
799 4419 893 4463 omne
914 4402 991 4463 illud
1006 4404 1091 4481 quod
1143 4399 1327 4480 figurabant
1348 4406 1487 4472 terram,
1506 4421 1547 4464 ex
1562 4401 1628 4482 qua
1646 4403 1746 4466 linum
1767 4401 1906 4466 nescitum

303 4479 470 4544 videbatur
483 4482 522 4544 ad
540 4481 815 4546 honorificentiam
830 4482 1001 4560 pertinere.
1011 4482 1051 4544 Et
1064 4483 1091 4554 si
1144 4477 1256 4540 balthei
1275 4480 1519 4543 circumvolutio
1539 4480 1737 4561 significabat
1760 4493 1906 4546 oceanum,

302 4557 365 4620 hoc
378 4560 507 4637 quidem
521 4563 753 4623 observabatur
767 4560 800 4620 iu
813 4561 1040 4630 tabernaculo,
1061 4566 1092 4624 et
1142 4557 1199 4637 qui
1218 4557 1438 4639 circumcingit
1456 4563 1593 4633 terram;
1610 4555 1906 4640 tunicahpeciathinc

302 4638 388 4699 vasis
403 4638 490 4776 chus,
504 4643 537 4700 et
549 4639 742 4704 animalibus
757 4638 976 4712 immolandis,
991 4639 1091 4702 multd
1142 4653 1203 4697 suo
1216 4637 1322 4700 colore
1336 4637 1536 4717 significabat
1547 4655 1667 4709 aerem,
1680 4655 1739 4716 per
1754 4637 1840 4717 cuius
1851 4634 1907 4694 tin-

303 4717 405 4794 magis
445 4734 483 4778 oc
499 4717 733 4780 observandum
754 4721 823 4778 erat
844 4718 876 4777 iu
897 4717 973 4794 ipsis
989 4718 1092 4780 ruini-
1144 4715 1309 4777 tinnabula
1323 4716 1587 4795 significabantur
1600 4717 1825 4795 tonitrua-,per
1843 4711 1905 4772 mdc

302 4794 390 4856 stris.
417 4795 456 4855 Ει
479 4795 550 4858 ided
573 4796 611 4856 ad
631 4794 858 4858 removendum
874 4800 1090 4872 contemptum
1141 4801 1275 4873 precata
1301 4795 1561 4868 coruscationem
1578 4793 1820 4874 superhumerale
1845 4785 1905 4852 rerd

301 4871 537 4947 ministrorum,
561 4892 663 4952 praece
688 4879 753 4934 tum
774 4872 833 4934 luit
848 4878 884 4933 ut
904 4874 1091 4936 nonhabe-
1141 4872 1342 4951 significabat
1360 4871 1420 4935 sua
1439 4873 1593 4936 varietate
1614 4873 1730 4936 mlum
1751 4873 1904 4936 sidereum,

304 4953 377 5039 rent
389 4953 547 5014 maculam
558 4953 609 5014 vel
625 4893 780 5014 deiectum
790 4952 1000 5030 corporalem,
1012 4951 1090 5030 quia
1141 4950 1203 5012 duo
1219 4949 1369 5031 onychini
1382 4951 1445 5012 duo
1460 4951 1700 5030 hemisphaeria,
1719 4950 1770 5013 vel
1782 4949 1868 5012 solem
1881 4947 1905 5005 et

301 5025 483 5106 hujusmodi
499 5031 642 5092 homines
657 5032 761 5092 solent
770 5030 855 5108 apud
869 5031 949 5092 alios
966 5030 999 5090 in
1014 5047 1090 5092 cou—
1140 5030 1271 5102 lunam;
1290 5027 1450 5090 duedecim
1467 5047 1599 5110 gemme
1614 5029 1647 5090 iu
1662 5023 1905 5107 pectoreduode-

297 5110 423 5184 ,tcmptu
446 5107 568 5172 haberi.
591 5111 723 5188 Propter
743 5109 827 5187 quod
848 5108 943 5170 etiam
959 5109 1090 5171 institu-
1140 5108 1201 5170 cim
1216 5107 1308 5188 signa
1321 5107 1353 5168 in
1369 5109 1519 5183 zodiaco,
1535 5126 1607 5246 epure
1621 5107 1811 5170 dicebantur
1819 5101 1904 5182 posita

301 5187 370 5246 tum
389 5185 447 5246 luit
465 5192 500 5248 ut
522 5204 587 5248 uon
606 5188 742 5265 sparsim
760 5205 800 5248 cx
815 5186 959 5265 quolibet
972 5202 1088 5266 genere
1140 5187 1173 5247 in
1188 5185 1350 5259 rationali,
1365 5187 1443 5266 quia
1455 5187 1487 5248 iu
1501 5205 1547 5250 coe
1561 5188 1681 5248 estibus
1696 5190 1772 5247 suut
1786 5183 1903 5246 rationes

300 5261 342 5324 ad
367 5263 424 5326 Del
447 5265 660 5326 ministerium
686 5265 935 5362 applicarentur,
964 5265 1019 5325 sed
1045 5284 1086 5328 cx
1139 5271 1353 5338 terrenorum,
1375 5262 1550 5326 sccunddm
1573 5265 1651 5326 illud
1671 5265 1743 5326 lob.
1769 5261 1825 5333 38,
1845 5257 1876 5318 33
1896 5273 1902 5312 =

300 5340 388 5404 certa
401 5341 554 5420 prosapia
580 5342 756 5405 secundum
769 5344 893 5422 generis
907 5345 1088 5406 successio-
1138 5341 1301 5423 Numquid
1313 5343 1397 5404 uasti
1410 5343 1549 5404 ordinem
1563 5344 1630 5405 creti
1642 5390 1650 5412 ,
1669 5352 1697 5404 et
1708 5359 1806 5422 pones
1817 5337 1904 5428 retie-

301 5435 386 5493 uem,
402 5425 438 5481 ut
454 5439 495 5482 ex
507 5422 569 5482 hoc
584 5422 734 5482 clariores
749 5426 780 5482 et
794 5422 966 5484 nobiliores
980 5422 1087 5486 habe-
1138 5439 1207 5482 nem
1228 5420 1292 5482 e'us
1311 5421 1346 5484 ia
1359 5423 1467 5482 terre?
1489 5419 1605 5484 cidaris
1628 5426 1747 5493 autem,
1773 5417 1822 5482 vel
1839 5423 1903 5476 rme

300 5503 423 5560 roratur.
439 5499 486 5558 hd
502 5499 563 5560 hoc
575 5504 681 5562 autem
695 5498 780 5576 qudd
792 5499 824 5559 in
837 5499 1016 5563 reverentii
1030 5501 1088 5564 ha·
1139 5439 1338 5581 signili'cabat
1358 5500 1473 5561 coelum
1486 5516 1689 5580 empyreum3
1702 5497 1817 5560 tamine
1827 5505 1903 5554 cutm

300 5574 464 5647 berentur,
483 5577 694 5639 adhibebatur
716 5577 762 5638 eis
784 5579 929 5654 specialis
952 5585 1085 5642 ornatus
1138 5577 1240 5640 Deum
1252 5579 1400 5641 omnibus
1418 5578 1648 5656 presidentem.

301 5654 449 5740 pestium,
470 5659 501 5716 et
521 5655 668 5732 specialis
683 5657 893 5717 consecratio.
906 5656 946 5717 Et
957 5655 1024 5720 hacc
1038 5662 1087 5723 est
1176 5657 1335 5736 Figuralis
1355 5657 1432 5720 rerd
1452 5657 1535 5718 ratio
1556 5656 1722 5718 manifesta
1744 5655 1793 5714 est
1813 5669 1820 5709 ι
1842 5661 1901 5708 nan
1976 5651 1977 5668 ¹

300 5745 334 5789 ιιι
347 5733 509 5793 communi
523 5750 621 5796 causa
633 5732 766 5795 ornatds
781 5734 926 5795 vestium.
1138 5735 1270 5797 maculae
1283 5735 1335 5797 vel
1347 5734 1486 5797 delectus
1500 5735 1693 5813 corporales,
1707 5732 1726 5795 d
1738 5730 1849 5809 quinus
1860 5723 1902 5782 dt·

337 5807 374 5869 lu
390 5810 519 5886 speciali
535 5817 641 5874 autem
655 5811 818 5876 sciendum
829 5816 874 5874 est
886 5812 969 5890 qubd
981 5813 1085 5892 ponti·
1138 5814 1255 5876 bebant
1270 5813 1450 5882 sacerdotes
1466 5831 1537 5877 esse
1550 5813 1725 5889 immunes,
1741 5803 1902 5888 significant
