4008 6340
307 339 356 397 lib

305 453 445 526 tionem3
467 449 504 515 ct¹
521 453 566 514 sic
584 455 633 514 est
647 451 735 528 prius
756 451 876 512 bonum
892 446 992 543 quan}
1004 453 1095 512 actus

305 533 499 603 voluntatis3
518 533 720 609 inquantum
734 530 813 593 verb
823 530 968 593 consistit
976 545 1008 588 ln
1021 545 1097 590 exe·

305 611 436 674 cutione
451 612 569 690 operis,
585 613 633 671 est
647 607 778 672 ellectus
791 607 987 683 voluntatis,
1002 610 1034 668 et
1047 623 1098 669 se·

307 691 637 769 quiturroluntatem.
1050 761 1057 778 .

347 767 393 829 Ad
405 768 579 830 secundum
590 766 758 828 dicendum
769 765 854 844 qudd
864 766 937 827 bnis
948 769 996 826 est
1008 781 1098 842 prror

305 847 340 910 ln
351 848 538 920 intentione,
552 846 607 908 sed
618 852 667 906 est
677 845 834 924 posterior
846 847 880 905 in
893 843 1095 907 executione.

346 925 394 986 Ad
410 927 539 987 tertium
561 924 730 986 dicendum
750 923 835 1002 qudd
856 923 960 985 iorma
984 939 1097 984 sccun-

303 1002 381 1066 ddrn
393 1006 479 1082 qudd
490 1009 535 1065 est
545 1009 673 1081 recepta
684 1005 716 1062 in
726 1001 870 1078 materia,
882 1006 930 1064 est
940 1001 1098 1080 posterior

305 1082 359 1145 rid
371 1083 589 1162 generationis
600 1079 698 1160 quam
709 1082 855 1156 materia,
870 1081 943 1142 licet
954 1082 995 1142 sit
1007 1081 1097 1158 prior

305 1160 441 1236 naturd3
469 1161 523 1222 sed
547 1159 723 1222 secundum
750 1159 836 1298 guod
867 1161 969 1221 estin
998 1155 1096 1220 causa

306 1245 435 1320 agente,
458 1243 506 1302 est
524 1240 672 1300 omnibus
697 1255 749 1299 mo
772 1239 798 1300 is
820 1240 920 1318 prior.
938 1239 1095 1300 Voluntas

306 1324 416 1380 autem
425 1322 631 1397 comparatur
642 1317 681 1379 ad
693 1322 800 1379 actum
809 1319 1002 1380 exteriorem
1015 1316 1097 1378 sicut

305 1414 405 1460 causa
419 1397 668 1460 elliciens.Unde
678 1397 804 1458 bonitas
818 1398 907 1459 actus
921 1396 1095 1458 voluntatis

186 1469 195 1496 ⁸
307 1479 357 1538 est
383 1475 485 1538 torma
510 1475 678 1537 exterioris
702 1474 810 1554 actus,
831 1477 914 1539 sicut
939 1476 972 1536 in
997 1471 1096 1537 eausa

305 1559 704 1695 ffiffiffi'fflmm
717 1639 783 1694 rota
796 1627 920 1695 bonitas
933 1632 1098 1724 esnatica

343 1713 512 1774 exterioris
533 1712 623 1773 ostris
643 1711 812 1792 dependeat
840 1731 879 1773 es
903 1711 1042 1774 bonitate
1067 1719 1097 1771 st

343 1789 659 1853 mutitidooluntotis.

346 1870 393 1930 dd
423 1869 600 1932 secundum
630 1869 676 1930 sio
700 1869 896 1946 proceditur.
914 1870 944 1930 1.
962 1867 1097 1929 videtur

329 1947 391 2010 udd
405 1952 470 2010 tota
490 1948 617 2009 bonitas
635 1952 667 2010 et
681 1947 801 2008 malitia
817 1947 906 2010 actits
926 1947 1095 2009 exterioris

303 1965 483 2168 Ξοιίἓηᾱῗῑ
495 2045 535 2089 ex
552 2027 738 2166 1101ιῖ61νᾶἑῖ
746 2026 870 2165 lgicitur
883 2026 967 2166 fflimsn
974 2026 1095 2186 [mlh

327 2148 336 2175 ,
409 2123 508 2166 :on
551 2123 718 2165 orsae
773 2124 936 2167 onomao
1005 2125 1097 2164 *us

304 2183 415 2321 {crema
431 2201 487 2245 ner
508 2123 602 2244 rebor
624 2184 706 2245 muto
724 2184 823 2264 secere
841 2185 965 2265 (ructus
987 2182 1095 2244 bonos.

330 2279 366 2322 er
380 2263 528 2324 arborem
549 2265 656 2324 autern
675 2263 864 2342 intelligitur
882 2263 1052 2334 voluntas,
1067 2267 1098 2323 et

305 2357 364 2417 per
378 2340 498 2402 tructus
509 2339 699 2421 intelligitur
711 2358 805 2418 opus,
821 2341 997 2404 secuudum
1006 2341 1104 2424 Glos-¹

306 2433 375 2480 sam
391 2419 472 2498 (ord.
485 2421 721 2498 August.,lib.1
738 2425 823 2482 cont.
836 2421 969 2492 Julian,
986 2419 1095 2498 capti,

306 2498 649 2578 antemed.)Ergon0n
661 2503 764 2576 potest
775 2499 1096 2576 essequddroluntas

305 2575 441 2641 interior
451 2579 493 2638 sit
505 2579 602 2652 bona,
615 2582 646 2640 et
659 2583 750 2640 actus
766 2579 908 2642 exterior
924 2578 965 2640 sit
979 2579 1096 2651 malus,

307 2670 476 2718 converso.

344 2731 375 2793 S.
397 2734 565 2808 Praeterea,
582 2735 629 2796 bu
677 2736 781 2796 stinus
796 2734 870 2796 dicit
884 2735 916 2796 in
935 2735 1098 2797 11111116-

305 2815 412 2885 tract,
436 2829 506 2890 cap.
529 2813 560 2884 9,
583 2831 625 2890 qu
650 2814 815 2874 dnonnisi
832 2815 995 2875 voluntate
1016 2832 1098 2892 pec-

306 2897 409 2951 catur.
424 2891 455 2952 Si
469 2907 545 2970 ergo
558 2908 623 2952 non
636 2893 679 2954 sit
693 2895 859 2970 peccatum
871 2893 905 2952 in
915 2894 1096 2964 voluntate,

305 2984 372 3028 non
386 2970 447 3030 erit
462 2974 628 3046 peceatum
650 2971 684 3030 in
709 2971 861 3031 exteriori
874 2976 963 3043 aetu3
982 2975 1014 3033 et
1027 2970 1097 3033 ided

306 3049 373 3108 tota
393 3049 519 3108 bonitas
540 3049 591 3110 vel
609 3047 731 3110 malitia
754 3049 922 3111 exterioris
944 3049 1034 3112 actds
1056 3068 1098 3112 ex

306 3131 365 3186 aut
381 3123 399 3186 d
416 3127 583 3188 voluntate
595 3127 760 3204 dependet.

346 3203 377 3262 3.
399 3203 698 3276 Proeterea‚bonum
712 3210 744 3266 et
752 3206 1003 3285 malum,dequo
1011 3224 1098 3270 nuno

305 3279 340 3341 lo
364 3281 490 3355 uimur,
517 3288 593 3345 sunt
619 3283 806 3347 differentias
830 3286 960 3346 moralis
992 3287 1095 3348 actds.

306 3358 346 3419 Di
372 3359 618 3424 erentiaeautem
633 3380 690 3442 per
702 3381 737 3425 se
754 3363 899 3424 dividunt
913 3383 1031 3444 genus,
1048 3383 1098 3425 se·

308 3435 448 3500 nundum
462 3439 703 3520 Philosophum,
713 3443 746 3501 in
760 3441 943 3520 illelapb.‚
953 3447 1031 3504 text.
1045 3441 1095 3502 13.

307 3513 387 3577 Cum
409 3517 507 3596 igitur
519 3521 609 3585 actus
627 3521 668 3581 sit
688 3521 819 3582 moralis
839 3538 879 3582 ex
892 3538 930 3582 eo
949 3519 1034 3598 qudd
1049 3525 1099 3582 est

306 3595 521 3669 voluntarius,
546 3596 671 3660 videtur
693 3597 779 3677 qudd
798 3597 912 3659 bonum
936 3604 968 3660 et
985 3600 1098 3662 motum

307 3674 462 3751 accipitur
474 3674 507 3734 in
520 3679 594 3736 actu
605 3675 708 3738 solrlm
720 3695 761 3738 ex
775 3681 866 3754 parte
877 3678 1063 3740 voluntatis.

347 3751 406 3812 Sed
423 3757 534 3815 contra
548 3759 597 3815 est
613 3755 700 3832 quod
712 3755 883 3834 Augustin.
902 3754 976 3817 dicit
992 3757 1025 3818 in
1040 3758 1095 3818 lib.

307 3833 419 3892 contra
434 3831 648 3908 Mendacium,
661 3835 774 3913 capi,
786 3831 901 3912 pariun
914 3840 989 3895 ante
1000 3835 1095 3912 med,

307 3907 391 3985 qudd
413 3910 631 3988 praedamnari
644 3931 710 3992 que
723 3911 811 3973 nullo
828 3913 918 3992 quasi
932 3911 1011 3974 dono
1026 3917 1095 3996 fine,

306 3994 362 4046 aut
376 3985 458 4048 bord
472 3987 633 4050 voluntate
642 3999 776 4069 possunt
790 3989 861 4051 bend
870 3991 949 4084 fieri.

346 4064 534 4142 Respondeo
552 4066 720 4130 dicendum
735 4068 833 4146 qudd,
854 4074 938 4132 sicut
958 4071 1024 4149 jam
1043 4071 1098 4132 di-

307 4145 395 4203 ctum
409 4148 469 4217 est,
486 4148 546 4206 art.
556 4163 663 4224 pree,
685 4148 719 4208 in
733 4147 886 4209 exteriori
899 4154 973 4210 actu
994 4155 1098 4228 potest

308 4221 506 4284 considerari
520 4223 640 4301 duplex
656 4226 782 4287 bonitas
802 4226 853 4288 vel
877 4227 1016 4301 malitia;
1030 4245 1097 4292 una

308 4297 484 4360 secundum
497 4301 635 4364 debitam
651 4303 819 4366 materiam
832 4309 864 4364 et
880 4306 1098 4370 circumstan-

306 4376 387 4450 tias3
403 4378 467 4441 alia
486 4379 661 4442 secundum
675 4383 819 4444 ordinem
835 4383 873 4444 ad
889 4383 995 4445 linem.

346 4455 386 4518 Et
399 4457 455 4520 illa
466 4458 597 4537 quidem
617 4477 690 4540 quae
702 4465 750 4522 est
762 4459 937 4522 secunddm
952 4462 1096 4526 ordinem

307 4533 347 4596 ad
362 4533 469 4608 finem,
483 4540 549 4599 tota
559 4535 714 4616 dependet
725 4557 766 4602 ex
777 4540 959 4615 voluntate;
970 4542 1025 4604 illa
1038 4559 1097 4604 au-

306 4617 371 4673 tem
388 4631 460 4706 quae
472 4617 521 4676 est
540 4633 581 4676 ex
601 4616 708 4679 debita
728 4617 863 4682 materia
886 4619 937 4680 vel
961 4621 1097 4682 circurn-

306 4693 446 4765 stantris,
465 4692 621 4772 dependet
640 4714 681 4757 ex
694 4697 837 4768 rationes
851 4701 883 4758 et
898 4715 940 4759 ex
961 4698 1021 4760 bdc
1035 4698 1097 4760 de-

253 4779 258 4789 '
306 4770 423 4860 pendet
439 4772 565 4835 bonitas
578 4774 765 4849 voluntatis,
777 4773 952 4837 seeundum
964 4776 1051 4855 qudd
1063 4779 1095 4840 iu

307 4863 411 4925 ipsam
427 4848 540 4910 iertur.
898 4861 900 4866 ’

346 4925 403 4987 Est
416 4930 523 4989 autem
536 4929 802 4992 considerandum
816 4931 920 5010 qudd,
943 4933 1024 4997 sicut
1042 4953 1096 4996 su-

306 5020 366 5142 Rra
378 5004 496 5066 dietum
510 5012 568 5080 est,
585 5015 697 5086 quaest.
712 5015 890 5086 praec.,art.
904 5012 956 5086 61,
967 5015 1043 5086 adl,
1056 5015 1095 5077 ad

330 5098 369 5145 oc
381 5083 597 5162 quddaliquid
611 5087 652 5148 sit
666 5089 797 5161 malum,
811 5089 927 5152 sufficit
939 5095 1096 5154 unussin-

307 5161 429 5240 gularis
440 5161 600 5240 delectus;
614 5164 653 5229 ad
666 5165 726 5228 boe
744 5170 851 5228 autem
866 5169 950 5247 qudd
968 5171 1008 5231 sit
1021 5171 1096 5232 sim-

306 5241 433 5379 Blieiter
445 5241 581 5316 bonum,
597 5261 662 5304 non
685 5241 802 5306 suflicit
815 5264 916 5308 unum
931 5247 1095 5328 singulare

329 5335 440 5393 onum,
456 5320 511 5381 sed
520 5321 697 5398 requiritur
705 5323 871 5403 integritas
886 5326 1049 5388 bonitatis.
1064 5327 1095 5390 Si

306 5397 405 5476 igitur
417 5397 566 5460 voluntas
577 5401 618 5461 sit
629 5402 753 5463 bonaet
764 5417 805 5462 ex
817 5402 941 5483 obiecto
952 5407 1094 5484 proprio,

307 5479 339 5536 et
351 5493 392 5536 ex
407 5474 488 5548 line,
503 5494 704 5557 consequens
718 5483 767 5542 est
779 5484 885 5543 actum
903 5485 1096 5548 exteriorem

305 5554 525 5616 essebonum.
553 5554 613 5618 Sed
637 5573 702 5617 non
721 5557 838 5621 suflicit
865 5561 904 5623 ad
922 5563 983 5626 boe
1010 5564 1096 5641 qudd

305 5635 397 5696 aetus
406 5632 705 5700 exteriorsitbonus
714 5638 841 5700 bonitas
850 5639 894 5722 (1)
907 5643 1093 5720 voluntatis,

341 5772 381 5844 (1)
399 5774 454 5844 ll,
469 5773 587 5831 bonitate.

764 333 894 397 subdiri
913 331 1141 394 Tocolosida:
1177 333 1281 390 Pallia
1299 335 1478 395 SECUNDAE.

1148 451 1283 524 quaeest
1306 466 1347 510 ex
1365 449 1543 514 intentione
1560 451 1644 514 linis.
1665 451 1732 516 Sed
1758 453 1789 514 si
1808 456 1946 518 voluntas

1148 525 1189 586 sit
1201 527 1287 589 mala
1303 528 1371 590 sire
1383 547 1425 589 ox
1440 528 1718 602 intentionessnis,
1735 533 1814 594 sive
1828 551 1872 594 ex
1887 543 1946 597 artu

1148 603 1260 743 volpe,
1274 623 1475 685 consequens
1486 612 1651 670 cstactum
1662 611 1877 674 exteriorem
1887 633 1945 676 esse

1148 699 1202 744 ma
1216 701 1282 742 um.

1188 761 1235 821 Ad
1249 763 1387 840 primurn
1399 781 1476 857 ergo
1497 764 1664 828 dicendum
1679 767 1780 846 qudd
1804 769 1945 832 voluntas

1148 839 1245 914 bona,
1262 843 1567 922 proutsigurlicatur
1579 863 1638 924 per
1647 847 1813 908 arborem
1826 850 1943 920 bonan,

1148 922 1198 978 est
1211 921 1396 998 accipienda
1415 919 1591 984 secunddm
1607 923 1691 1002 qudd
1707 925 1818 987 babet
1833 928 1945 988 bonita-

1147 999 1212 1057 tem
1224 1002 1257 1058 ct
1268 1004 1314 1060 'ex
1328 1003 1401 1061 actu
1414 1003 1513 1062 volito
1525 1005 1556 1062 et
1569 1020 1610 1063 ex
1621 1003 1683 1064 tine
1703 1004 1857 1068 intento.

1188 1076 1424 1138 adserendum
1438 1079 1606 1142 dicendum
1633 1081 1722 1159 qudd
1756 1098 1830 1145 non
1853 1080 1943 1146 soldn

1148 1153 1265 1231 aliquis
1278 1157 1445 1219 voluntate
1459 1163 1579 1238 peccat,
1594 1159 1731 1238 quando
1744 1164 1824 1222 vult
1836 1164 1942 1224 melun

1147 1231 1256 1307 finem,
1272 1236 1327 1296 sed
1344 1237 1438 1297 etiam
1454 1238 1585 1315 quando
1602 1239 1669 1299 vult
1683 1241 1821 1300 malum
1837 1249 1941 1302 actum.

1188 1312 1234 1371 bd
1248 1315 1377 1375 tertium
1387 1314 1555 1377 dicendum
1565 1315 1649 1394 quod
1660 1319 1896 1380 voluntarium
1908 1320 1942 1378 di·

1148 1389 1306 1452 citurnon
1322 1393 1426 1454 solirm
1439 1399 1529 1456 actus
1540 1394 1674 1456 interior
1689 1395 1739 1476 (1)
1759 1399 1940 1464 voluntatis.

1148 1468 1203 1529 sed
1220 1469 1316 1531 etiam
1330 1478 1420 1533 aetus
1430 1473 1619 1546 exteriores,
1633 1473 1770 1552 proutd
1785 1477 1940 1536 voluntate

1147 1549 1324 1626 procedunt
1344 1555 1375 1611 et
1398 1553 1539 1624 ratione3
1558 1550 1669 1613 etidcd
1684 1555 1781 1616 circa
1797 1562 1940 1632 utrosque

1148 1630 1238 1688 actus
1253 1635 1440 1705 potestesse
1455 1628 1632 1692 dillerentia
1647 1629 1727 1692 doni
1744 1639 1781 1694 et
1796 1635 1883 1694 moti.

1148 1705 1329 1768 dnrrcueus
1347 1725 1395 1767 ru.
1408 1743 1446 1752 -
1456 1708 1568 1770 tJtrrim
1578 1708 1703 1770 donitas
1718 1719 1753 1770 et
1770 1713 1896 1774 matilia
1907 1711 1939 1769 sit

1188 1785 1289 1923 ruderis
1298 1787 1465 1943 εέἑεέἱΐνίε
1476 1795 1504 1848 et
1517 1788 1679 1850 interioris
1691 1792 1805 1852 octds.
1814 1825 1852 1835 -
1863 1789 1937 1870 (int.

1187 1871 1248 1924 ort.
1289 1907 1297 1936 ‚
1392 1910 1399 1925 .

1187 1943 1234 2002 Ad
1250 1945 1379 2005 tertium
1393 1943 1439 2005 sic
1454 1943 1648 2022 proceditur.
1666 1946 1694 2006 1.
1708 1947 1856 2008 Videtur
1867 1945 1936 2025 quid

1148 2037 1213 2084 non
1226 2021 1336 2082 eadem
1354 2022 1396 2083 sit
1416 2023 1541 2084 bonitas
1558 2025 1609 2084 vel
1631 2026 1762 2088 malitia
1783 2026 1879 2087 aclas
1894 2025 1937 2084 in-

1147 2100 1276 2163 terioris
1296 2101 1471 2164 voluntatis
1486 2105 1517 2162 et
1535 2103 1706 2164 exterioris
1723 2103 1838 2166 acuis.
1854 2102 1936 2165 dctis

1148 2179 1234 2240 enim
1248 2179 1409 2241 interioris
1426 2180 1619 2258 principium
1634 2187 1683 2242 est
1695 2183 1748 2244 vis
1761 2185 1879 2245 anime
1893 2184 1936 2240 in-

1148 2259 1247 2318 terior
1259 2259 1492 2336 apprehensiva
1504 2261 1554 2320 vel
1568 2263 1769 2338 appetitiva;
1790 2261 1881 2324 actirs
1892 2277 1936 2320 au-

1148 2340 1211 2397 tem
1224 2337 1395 2399 exterioris
1411 2338 1604 2415 principium
1626 2345 1675 2400 est
1690 2341 1845 2418 potentia
1866 2357 1933 2400 exe-

1148 2433 1253 2493 quens
1266 2419 1400 2476 motum.
1414 2415 1473 2478 Ubi
1486 2422 1595 2478 autem
1609 2423 1686 2480 sunt
1697 2421 1836 2481 diversa
1852 2417 1933 2496 prin-

1148 2493 1232 2572 cipia
1254 2495 1403 2565 actionis,
1426 2495 1469 2556 ibi
1494 2501 1570 2556 sunt
1582 2496 1702 2560 diversi
1722 2505 1840 2572 actus;
1858 2501 1931 2557 actus

1148 2577 1257 2634 autem
1281 2578 1330 2634 est
1346 2576 1524 2652 subjectum
1539 2576 1689 2638 bonitatis
1714 2581 1771 2640 vel
1795 2576 1929 2638 malitias

1148 2669 1214 2712 non
1229 2655 1335 2728 potest
1354 2657 1460 2714 autem
1479 2669 1549 2715 esse
1570 2655 1653 2716 idem
1672 2657 1829 2718 accidens
1848 2655 1878 2716 in
1892 2651 1932 2712 di-

1148 2730 1250 2792 versis
1266 2730 1429 2808 subjectis.
1440 2731 1525 2810 Ergo
1544 2750 1609 2792 non
1625 2737 1733 2812 polest
1749 2753 1825 2796 esse
1837 2732 1929 2795 eadem

1148 2809 1276 2870 bonitas
1293 2809 1454 2871 interioris
1467 2814 1500 2871 et
1512 2812 1684 2873 exterioris
1702 2814 1814 2875 actds

1186 2887 1217 2946 S.
1241 2890 1409 2962 Preterea,
1422 2889 1526 2950 virtus
1537 2893 1585 2950 est
1599 2907 1666 2970 quer
1676 2889 1798 2952 bonnm
1810 2886 1929 2972 sedite

1148 2963 1275 3034 beatem,
1292 2974 1320 3026 et
1336 2985 1414 3046 opus
1427 2967 1492 3048 rjus
1508 2965 1622 3028 bonum
1639 2969 1764 3039 reddit,
1782 2975 1820 3031 ut
1832 2967 1930 3028 dicitur

1150 3045 1183 3104 in
1196 3044 1216 3104 S
1229 3044 1344 3117 Ethio,
1355 3062 1425 3123 cap.
1440 3046 1471 3118 6,
1487 3047 1521 3106 in
1534 3047 1636 3125 princ.
1654 3047 1715 3109 Sed
1729 3049 1800 3111 alia
1814 3051 1860 3109 est
1874 3046 1929 3104 rir-

1148 3127 1200 3184 tus
1222 3123 1446 3188 intellectualis
1473 3125 1506 3185 in
1531 3125 1674 3204 potentia
1693 3127 1886 3206 imperante,
1903 3122 1929 3211 d

1148 3202 1213 3263 alia
1238 3202 1340 3263 virtus
1370 3203 1501 3264 moralis
1531 3205 1706 3282 imperata,
1732 3211 1773 3266 ut
1799 3207 1882 3284 patet
1902 3215 1927 3257 u

1148 3281 1251 3358 princ.
1266 3279 1415 3354 SElbic,
1438 3297 1509 3361 cap.
1523 3283 1552 3343 l.
1568 3283 1654 3360 Ergo
1666 3284 1733 3347 alia
1752 3289 1804 3347 est
1819 3280 1925 3369 bonitas

1149 3358 1239 3419 aetbs
1251 3359 1508 3437 interiorisque
1521 3361 1727 3440 estpotentiae
1742 3362 1925 3442 imperantis,

1148 3441 1180 3498 et
1192 3437 1256 3499 alia
1271 3441 1318 3498 est
1337 3438 1462 3499 bonitas
1484 3438 1573 3501 actus
1590 3441 1783 3517 exterioris,
1805 3455 1872 3519 que
1890 3435 1927 3494 cst

1148 3514 1299 3594 potentiae
1314 3517 1487 3593 imperatae.

1188 3593 1218 3653 3.
1240 3593 1408 3666 Praeterea,
1427 3611 1524 3657 causa
1547 3599 1578 3657 et
1599 3595 1731 3660 effectus
1760 3596 1844 3659 idem
1869 3605 1926 3652 esse

1148 3688 1214 3732 non
1225 3677 1380 3751 possunt;
1399 3672 1479 3733 nibil
1490 3675 1574 3735 enim
1587 3682 1635 3736 est
1646 3692 1747 3740 causa
1764 3671 1922 3760 suiipsius·

1148 3749 1208 3810 Sed
1224 3751 1349 3812 bonitas
1364 3749 1454 3812 actds
1470 3752 1629 3815 interioris
1644 3760 1806 3817 estcausa
1818 3753 1924 3836 bonita-

1147 3829 1190 3888 tis
1204 3827 1295 3890 actds
1318 3829 1501 3902 exterioris,
1517 3835 1575 3892 aut
1596 3831 1614 3893 d
1635 3849 1814 3904 converso,
1831 3833 1864 3890 ut
1881 3824 1924 3883 dl·

1149 3910 1235 3968 ctum
1248 3910 1307 3979 est,
1318 3915 1380 3968 art.
1393 3909 1408 3967 1
1420 3908 1517 3987 bujus
1531 3913 1644 3987 quaest.
1658 3911 1746 3992 Ergo
1758 3929 1823 3973 non
1838 3903 1923 3987 polest

1148 4003 1220 4047 esse
1234 3987 1344 4048 eadem
1357 3987 1483 4048 bonitas
1496 3989 1679 4066 utriusque.

1188 4064 1247 4126 Sed
1264 4069 1377 4126 contra
1394 4071 1443 4126 est
1461 4066 1547 4144 quod
1571 4083 1670 4145 supra
1687 4071 1852 4130 ostensum
1871 4061 1918 4126 est,

1148 4159 1204 4219 qu.
1217 4142 1266 4213 18,
1282 4149 1342 4203 art.
1366 4143 1403 4217 6,
1419 4145 1503 4220 qudd
1521 4148 1795 4210 actusroluntatis
1817 4159 1850 4205 se
1871 4139 1921 4198 ba·

1148 4221 1247 4282 betut
1261 4220 1395 4282 lormale
1408 4221 1447 4284 ad
1462 4227 1568 4283 actum
1583 4225 1791 4288 exteriorem.
1808 4223 1852 4282 Ex
1865 4217 1919 4277 lor-

1148 4299 1225 4359 mali
1235 4305 1344 4360 autem
1362 4303 1394 4361 et
1417 4302 1574 4362 materiali
1593 4301 1629 4362 fit
1650 4321 1767 4364 unum.
1781 4303 1862 4378 Ergo
1882 4292 1921 4353 est

1148 4393 1216 4438 una
1230 4377 1355 4438 bonitas
1366 4378 1456 4440 actbs
1469 4378 1632 4443 interioris
1649 4386 1680 4442 et
1693 4379 1871 4444 exterioris.
1901 4445 1906 4458 ¹

1187 4455 1377 4534 Respondeo
1392 4457 1559 4518 dicendum
1576 4459 1673 4536 quod,
1686 4461 1772 4522 sicut
1785 4446 1919 4594 engaldi·

1148 4537 1232 4594 ctum
1247 4539 1305 4605 est,
1321 4541 1433 4611 quest.
1448 4536 1497 4607 17,
1513 4541 1575 4599 art.
1590 4535 1621 4610 Is,
1635 4543 1666 4599 et
1679 4543 1794 4616 quaest.
1811 4540 1825 4596 1
1849 4529 1918 4603 2³¹¹·

1148 4611 1178 4685 6,
1193 4613 1231 4673 ad
1246 4613 1277 4688 3,
1292 4619 1381 4674 actus
1395 4614 1529 4675 interior
1541 4616 1726 4691 voluntatis,
1740 4622 1773 4681 et
1783 4617 1919 4697 actussi-

1147 4690 1257 4762 terior,
1273 4696 1370 4769 prout
1384 4693 1631 4755 considerantur
1642 4696 1674 4756 in
1687 4713 1804 4776 genere
1818 4699 1916 4751 mons,

1147 4774 1223 4830 sunt
1237 4787 1323 4831 unus
1337 4776 1439 4832 actus.
1451 4769 1614 4864 Contingit
1623 4779 1729 4835 autem
1742 4767 1917 4854 quandollssl

1147 4851 1253 4910 actum
1267 4849 1323 4926 qui
1343 4852 1391 4910 est
1404 4867 1489 4911 unus
1511 4851 1671 4930 subjecto,
1693 4853 1811 4915 babere
1824 4846 1916 4925 plures

1146 4927 1288 4988 rationes
1305 4928 1456 4989 bonitatis
1474 4929 1524 4990 vel
1537 4930 1682 5006 malitie,
1696 4937 1727 4992 et
1741 4925 1917 5011 quandoque

1146 5021 1245 5066 unam
1263 5003 1397 5066 tantiun.
1409 5005 1458 5067 Sic
1469 5023 1545 5100 ergo
1557 5007 1725 5071 dicendum
1738 5005 1820 5087 qudd
1830 5009 1916 5093 ollii·

1146 5082 1251 5160 doque
1260 5089 1310 5144 est
1321 5085 1430 5145 eadem
1444 5085 1569 5148 bonitas
1581 5089 1632 5150 rel
1645 5088 1765 5151 malitia
1774 5085 1915 5148 inteuorts

1147 5160 1237 5223 actus
1253 5167 1284 5223 et
1293 5163 1473 5235 exterioris,
1483 5165 1679 5244 quandoque
1688 5168 1752 5230 alia
1766 5170 1796 5228 et
1804 5160 1871 5222 alia.

1187 5239 1275 5300 Sicut
1284 5241 1369 5300 enirn
1382 5240 1499 5302 dictum
1513 5250 1573 5316 est,
1589 5260 1645 5321 qu.
1657 5244 1706 5318 18,
1718 5250 1779 5309 art.
1793 5242 1829 5310 6,
1841 5244 1912 5318 11119·

1145 5317 1237 5390 61613.»
1250 5317 1319 5380 duae
1335 5319 1493 5382 bonitates
1514 5323 1566 5384 vel
1588 5323 1727 5397 malitie,
1742 5319 1854 5386 scilieet
1872 5323 1914 5394 ¹¹3·

1147 5396 1274 5458 terioris
1288 5403 1319 5459 et
1331 5399 1498 5460 exterioris
1513 5398 1616 5474 aetirs,
1631 5401 1671 5463 ad
1690 5403 1821 5464 invicem
1840 5383 1912 5475 otffl·

1148 5479 1277 5536 nantur.
1295 5475 1576 5618 Contingitautem
1587 5479 1620 5540 in
1638 5479 1687 5541 bis
1703 5498 1774 5559 quae
1790 5455 1912 5538 adalind

1148 5553 1349 5630 ordinantur,
1366 5571 1410 5634 qu
1432 5555 1585 5636 deliquid
1606 5562 1654 5620 est
1677 5561 1795 5621 bonum
1812 5567 1849 5614 ex
1863 5544 1911 5604 101

1148 5715 1200 5842 mie
1197 5719 1279 5842 1110111
1293 5719 1398 5776 codices
1412 5732 1439 5778 et
1451 5721 1512 5778 editi
1526 5724 1636 5794 passim.
1649 5723 1676 5781 ln
1688 5727 1752 5782 edit.
1768 5725 1838 5782 lion·
1852 5710 1903 5766 (1⁸⁰⁵
