4008 6340
180 3657 185 3666 ¹
281 3632 332 3706 35,
351 3628 552 3705 attendi,
568 3626 660 3690 etidr

276 359 329 418 299
747 349 877 408 SUillllAE
898 349 1127 410 Tiieobocicio
1148 350 1251 408 abtas
1270 349 1449 413 SECUNDAE.
1762 414 1766 423 ,
1858 355 1916 416 biti

278 478 397 550 uirile,
411 491 482 556 cap.
499 471 529 549 t,
542 471 616 536 circ.
631 467 700 544 en,
714 465 814 530 ciclus
830 465 1073 546 tristatumquo·
1126 465 1306 528 bitricuiiis
1334 483 1370 528 ιι.
1393 503 1432 514 -
1455 466 1569 530 Utritm
1590 485 1684 534 detor
1710 469 1757 536 m
1783 471 1917 536 “mma

278 555 536 620 oiomdclectctes
548 559 603 614 est.
613 549 684 612 Nori
698 562 775 628 ergo
788 545 891 608 omnis
904 543 1072 607 delectatio
1344 546 1507 626 nittiqetor
1515 565 1576 628 per
1587 547 1704 630 fletum.

278 636 346 700 mill
371 631 591 698 flitristitiam·
776 641 850 718 .‡.
976 711 978 716 Ι
1165 621 1212 684 Ad
1239 623 1415 686 secundum
1442 626 1489 688 sie
1511 629 1706 718 proceditur.
1731 628 1759 690 1.
1784 627 1919 694 Videtur

318 715 348 778 3.
386 717 530 786 caeterea,
543 713 591 772 Au
617 705 743 770 ustinus
754 703 829 765 dicit
841 701 1071 795 inliCoriiess„
1125 701 1212 792 qudd
1235 701 1326 764 lictus
1357 722 1421 766 nou
1450 705 1575 784 mitiget
1600 707 1776 770 tristitiam.
1804 709 1916 770 Nullus
2000 729 2001 784 3

279 813 351 874 cap.
364 795 396 868 7,
415 794 448 854 in
467 791 537 864 tim,
551 727 637 868 qudo
658 789 727 864 ipse
741 781 822 863 iugit
844 781 883 843 de
898 779 1020 862 patriti,
1039 781 1072 844 iu
1127 779 1212 841 enim
1239 780 1370 844 ellectus
1396 781 1544 846 diminuit
1568 803 1661 848 suam
1687 803 1831 850 eausam.
1860 787 1917 848 Sed
2000 791 2001 802 ¹

278 871 345 954 qud
365 869 551 934 conversari
572 865 686 930 solitus
701 868 772 926 erat
792 879 865 924 cum
889 861 992 924 amico
1012 877 1072 923 suo
1127 855 1217 920 [letus
1234 861 1283 922 vel
1297 862 1432 953 gemitus
1457 868 1506 924 est
1518 862 1649 928 erfectus
1664 865 1812 928 tristitiae.
1834 865 1918 946 Ergo
2000 915 2001 926 .

277 953 343 1033 jam
356 955 505 1024 mortuo;
518 943 715 1010 mintionem
725 959 793 1004 eum
801 937 976 1020 querebant
987 939 1073 1002 ocuti
1126 955 1192 999 uon
1207 939 1323 1001 minuit
1338 941 1509 1003 tristitiam.

278 1028 419 1113 ejus.obi
436 1047 504 1090 eum
519 1025 701 1090 oidcrcooii
715 1018 865 1084 sotebant.
878 1019 1075 1098 Exquoac-
1165 1016 1195 1076 2.
1215 1017 1385 1091 Praeterea,
1411 1019 1495 1081 sicut
1522 1019 1614 1082 iletus
1637 1022 1688 1084 vel
1710 1022 1848 1102 gemitus
1873 1029 1918 1086 est

278 1110 341 1190 cipi
361 1112 467 1188 potest
483 1103 574 1186 qudd
592 1103 647 1166 illa
668 1101 701 1162 in
722 1100 840 1180 quibus
859 1097 953 1160 nobis
978 1095 1073 1160 amici
1126 1093 1257 1158 effeetus
1272 1098 1419 1172 tristitiae,
1432 1097 1478 1160 ita
1490 1098 1574 1162 risus
1588 1099 1776 1162 estetiectus
1790 1103 1916 1164 laetitiis.

278 1187 399 1252 mortui
413 1187 463 1251 vel
478 1187 627 1248 absentes
643 1177 979 1251 communicaverunt,
998 1175 1073 1238 elli-
1126 1173 1185 1235 Sed
1207 1175 1290 1238 risus
1313 1193 1378 1237 nori
1398 1178 1514 1239 minuit
1538 1177 1690 1242 laetitlam.
1714 1180 1802 1260 Ergo
1828 1181 1917 1244 steens

280 1269 411 1330 ciuntur
425 1264 518 1326 uobis
538 1263 578 1324 de
595 1277 707 1324 eorum
729 1259 833 1319 morte
853 1255 905 1318 vel
925 1247 1074 1318 absentid
1126 1270 1191 1314 uon
1205 1255 1331 1332 mitigat
1345 1255 1519 1318 tristitiam.

248 1402 252 1410 .
280 1346 463 1410 dolentibus
480 1358 629 1405 onerosa.
648 1337 708 1400 Sed
727 1333 869 1399 maxime
891 1333 1075 1396 communi·
1165 1331 1196 1393 3.
1218 1335 1393 1408 Praeterea,
1413 1335 1447 1396 in
1470 1335 1545 1398 lietu
1559 1339 1811 1416 repraesentatur
1826 1339 1917 1401 uobis

280 1429 436 1490 caverunt
448 1423 541 1484 nobis
555 1421 589 1484 iu
599 1413 875 1480 delectationibus.
892 1413 978 1492 Ergo
996 1413 1073 1492 ipsae
1126 1413 1248 1474 malum
1265 1413 1471 1476 contristaris.
1493 1415 1553 1475 Sed
1574 1414 1763 1495 imaginatio
1775 1417 1824 1478 rui
1841 1435 1919 1480 cou-

278 1503 506 1566 delectationes
515 1491 986 1562 efficiunturuobisdoleutibus
997 1508 1074 1554 oue-
1126 1490 1284 1554 tristantis
1308 1496 1406 1571 auget
1425 1493 1598 1566 tristitiam,
1622 1496 1706 1557 sicut
1731 1495 1918 1575 imaginatio

278 1599 374 1646 rosae.
396 1581 467 1642 Nou
490 1595 568 1658 ergo
593 1573 744 1656 quailibet
762 1571 932 1634 delectatio
949 1570 1074 1652 mitigat
1126 1569 1173 1630 rei
1196 1570 1382 1632 delectantis
1401 1577 1498 1650 auget
1520 1573 1674 1636 letitiam.
1694 1574 1781 1654 Ergo
1795 1574 1919 1638 ridetur

279 1661 459 1741 quamlibet
473 1656 645 1720 tristitiam.
1126 1647 1212 1726 qudd
1227 1647 1318 1710 tletus
1333 1667 1399 1710 nou
1414 1651 1536 1732 mitiget
1551 1653 1725 1716 tristitiam.

319 1739 379 1801 Sed
396 1743 509 1802 contra
530 1732 677 1812 estquod
689 1730 904 1809 Philosophus
920 1727 995 1790 dicit
1007 1725 1074 1790 iii'l
1167 1727 1225 1788 Sed
1241 1733 1354 1791 contra
1369 1729 1519 1809 estquod
1541 1731 1742 1811 Augustinus
1758 1731 1838 1794 dicit
1852 1731 1919 1794 int

279 1819 398 1891 Etbie.‚
412 1835 483 1897 cap.
495 1816 554 1878 ult.
572 1859 581 1889 ,
596 1809 819 1892 qubdcoepetli't
835 1807 998 1872 delectatio
1015 1805 1074 1868 tri'·
1126 1805 1231 1881 Ceut,
1258 1823 1329 1886 cap.
1354 1807 1386 1882 li,
1404 1808 1437 1870 iii
1452 1807 1521 1884 an,
1545 1814 1578 1874 et
1591 1813 1703 1889 capti,
1717 1807 1836 1889 parum
1850 1817 1918 1874 anre

279 1897 418 1964 aritium,
444 1905 473 1958 et
499 1891 771 1974 quocontreri'e,
800 1895 919 1970 etque
945 1886 1075 1948 coritiu-
1126 1885 1223 1956 med„
1248 1886 1479 1964 quodquarido
1497 1888 1625 1951 dolebat
1640 1889 1680 1951 de
1695 1894 1800 1950 morte
1814 1891 1918 1964 amici,
2001 1945 2002 1950 ,

281 1973 518 2117 mmmm
525 1971 697 2112 dicrffii'rum
711 2044 796 2125 qudd
818 2044 902 2108 sicut
912 2061 954 2106 ex
966 2043 1075 2121 praedi-
1126 1963 1434 2122 {zizofftqmmbm
1448 1973 1476 2026 el
1488 1965 1636 2050 Imm
1649 1973 1716 2030 “at
1730 1967 1760 2032 ei
1773 1966 1920 2048 dim

283 2134 343 2198 ctis
385 2073 463 2206 Eiet,
488 2134 601 2209 quest.
625 2127 675 2198 38,
698 2129 760 2188 art.
782 2089 812 2198 1’,
836 2123 1004 2186 delectatio
1026 2126 1076 2185 est
1166 2123 1355 2202 ltespoudeo
1387 2123 1557 2188 dicendum
1587 2124 1673 2203 qubd
1708 2125 1865 2219 lacrymae
1892 2131 1920 2188 et

280 2210 533 2354 tinacia
543 2201 1075 2362 tacitaetacitae
1127 2202 1488 2359 statunculis
1510 2205 1662 2362 ultast
1682 2206 1920 2363 triticeis

281 2371 365 2432 titui.
379 2369 468 2432 Unde
489 2369 536 2430 sic
548 2384 582 2428 se
605 2365 702 2427 babet
725 2361 893 2424 delectatio
911 2358 952 2422 ad
968 2359 1075 2420 tristi-
1127 2375 1224 2421 omne
1243 2361 1395 2423 nocivum
1415 2361 1551 2423 interiiis
1566 2363 1713 2425 clausum
1725 2363 1832 2441 magis
1846 2363 1921 2424 ailli-

218 2471 222 2478 ·
281 2451 360 2512 tiam
374 2449 406 2509 in
422 2448 561 2509 motibus
578 2441 772 2584 apXetitiviu
788 2440 872 2502 sicut
884 2439 1027 2503 sehabet
1040 2439 1074 2500 in
1127 2438 1185 2517 git,
1200 2439 1279 2518 quia
1295 2439 1397 2518 magis
1411 2441 1645 2520 multiplicatur
1658 2441 1796 2503 intentio
1807 2443 1920 2505 auimo

283 2527 475 2606 corporibus
488 2529 613 2603 quiesa
645 2520 883 2600 fatigationem,
897 2535 969 2595 que
983 2518 1076 2580 aeci·
1127 2517 1213 2580 cirea
1226 2519 1350 2596 ipsum;
1368 2517 1422 2580 sed
1435 2519 1567 2597 quando
1581 2521 1620 2582 ad
1630 2521 1796 2582 exteriora
1809 2519 1921 2582 ditinu-

282 2607 330 2668 dit
342 2604 459 2669 exalia
469 2601 738 2666 transmutatione
749 2597 942 2670 innaturali3
955 2613 1031 2658 iiam
1044 2599 1076 2658 et
1127 2595 1224 2670 ditur,
1239 2602 1318 2660 tuuc
1328 2598 1444 2660 anime
1457 2599 1597 2661 interitio
1611 2599 1651 2662 ad
1660 2599 1828 2663 exteriora
1842 2617 1922 2678 quo-

280 2676 1076 2834 {astititttettttaacalrcatati
1126 2672 1295 2814 litati
1310 2677 1589 2818 laetatis.
1607 2677 1921 2820 tattttttttt:

281 2845 382 2926 igitur
395 2781 548 2922 quotide
561 2839 653 2918 quies
669 2835 814 2927 corporis
833 2798 1009 2896 remedium
1020 2832 1076 2895 al·
1127 2832 1183 2909 qui
1198 2799 1322 2894 suntin
1339 2774 1488 2909 ίτίξῐῆξίε,
1499 2775 1749 2898 οιῑοτῖἰιξειιειω
1761 2813 1921 2898 tristitiam

280 2924 344 2986 lert
357 2927 471 2985 contra
484 2919 662 2998 quamlibet
677 2915 897 2994 fatigationem
921 2931 962 2974 ex
985 2911 1075 2991 qua-
1128 2911 1336 2974 manifestant
1351 2913 1398 2975 vel
1414 2912 1501 2982 lietu,
1526 2918 1583 2974 aut
1595 2916 1729 2994 gemitu,
1751 2915 1806 2978 rel
1830 2917 1922 2978 etiam

281 3019 421 3080 cumque
440 2996 541 3062 causa
555 2995 733 3059 innaturali
748 2991 1005 3070 proreuientem,
1030 2991 1076 3056 ita
1128 2991 1238 3063 verbo,
1252 2991 1417 3084 mitigatur
1426 2993 1566 3055 tristitia.
1579 2992 1736 3066 Secundo,
1750 2995 1831 3072 quia
1844 3012 1921 3056 seui-

281 3082 433 3160 quaelibet
444 3076 613 3140 delectatio
624 3072 801 3136 remedium
818 3068 911 3132 atiert
930 3069 972 3132 ad
984 3069 1077 3130 miti·
1128 3085 1186 3146 per
1210 3076 1355 3147 operatio
1382 3072 1577 3134 couveniens
1602 3071 1723 3133 bomini
1747 3070 1922 3135 secuudum

283 3160 422 3242 qaudam
432 3155 612 3236 quamlibet
622 3151 798 3228 tristitiam,
814 3167 854 3214 eii
869 3163 1076 3228 quecumque
1128 3147 1371 3225 dispositionem
1383 3150 1415 3212 in
1425 3149 1491 3228 qud
1501 3154 1560 3220 est,
1574 3149 1635 3212 sibi
1647 3154 1695 3213 est
1706 3151 1920 3224 delectabilis;

282 3237 448 3318 procedat.
1129 3224 1222 3319 lictus
1236 3231 1345 3290 autem
1360 3235 1391 3290 et
1408 3230 1544 3308 gemitus
1558 3234 1633 3292 suut
1649 3229 1798 3307 quiedam
1812 3247 1921 3324 opera-

322 3317 368 3379 Ad
378 3317 518 3396 primum
532 3329 609 3393 ergo
627 3309 795 3373 dicendum
805 3306 903 3388 qubd,
917 3303 992 3369 lieet
1010 3323 1076 3368 uou
1127 3308 1232 3367 trenes
1252 3307 1478 3370 couvenientes
1498 3310 1626 3370 tristato
1646 3309 1699 3372 vel
1721 3309 1868 3382 detentu
1893 3315 1920 3371 et

281 3396 386 3458 omnis
406 3392 574 3458 delectatio
593 3389 808 3453 contrarietur
826 3387 914 3448 omui
938 3386 1075 3448 tristitiae
1128 3382 1200 3446 ided
1216 3385 1399 3450 efficiuntur
1412 3387 1458 3448 eis
1479 3387 1694 3449 delectabiles.
1719 3383 1802 3450 Ciani
1829 3390 1922 3469 igitur

281 3471 459 3538 secundina
481 3471 636 3551 speeiem,
653 3467 871 3531 contrariatur
893 3468 1000 3526 tamen
1018 3481 1077 3525 se-
1128 3463 1234 3524 omuis
1248 3463 1415 3528 delectatio
1429 3465 1614 3544 aliqualiter
1629 3466 1752 3547 mitiget
1763 3469 1921 3530 tristitiam

281 3553 422 3616 euuddm
450 3569 564 3632 genus,
578 3554 614 3611 ut
628 3563 728 3688 segra
744 3545 938 3685 dictitimdest,
960 3545 1074 3680 qluaest.
1128 3543 1179 3682 ¹vel
1192 3543 1346 3684 dolgflem,
1361 3549 1398 3605 ut
1410 3544 1529 3683 illiciam
1543 3549 1593 3607 est
1604 3551 1666 3606 art.
1683 3563 1792 3638 price,
1813 3549 1922 3639 sequi-

281 3711 415 3792 subjecti
436 3709 586 3790 quaelibet
603 3643 736 3798 insitii}
749 3642 811 3784 gg
825 3639 1076 3782 tiquiisuqiisl:alodialis
1128 3639 1369 3840 diliiiggtur.per
1393 3629 1559 3702 pandum
1573 3628 1605 3687 et
1624 3630 1778 3705 Semnum
1795 3631 1920 3688 ‘mmm

281 3786 567 3854 lectatiouemmiti
591 3789 768 3864 aripotest.
987 3859 994 3872 Ι
1169 3781 1194 3840 Α
1235 3779 1375 3859 primum
1389 3799 1466 3862 ergo
1480 3781 1649 3844 dicendum
1668 3781 1755 3860 qudd
1772 3784 1846 3862 ipsa
1865 3785 1920 3846 ba·

321 3870 369 3932 Ad
382 3868 558 3932 secundum
570 3805 739 3926 iserniam
749 3860 835 3942 qubd
849 3859 1075 3923 delectationes
1129 3858 1240 3921 bitudo
1254 3877 1360 3923 cause
1374 3861 1413 3922 ad
1429 3860 1576 3924 eitectum
1591 3862 1811 3924 contrariatur
1831 3864 1921 3926 babi-

234 3965 238 3972 ·
280 3941 846 4012 malorumnoncausuuttristitiam
864 3938 1074 4018 inpraesenti,
1129 3937 1231 4000 tudini
1262 3939 1480 4002 contristantis
1511 3938 1550 4002 ad
1581 3941 1818 4003 contristatum.
1847 3943 1921 4003 Num

248 4054 253 4062 ·
280 4027 382 4090 sedin
397 4027 516 4097 tuturo,
532 4024 564 4083 iu
581 4026 739 4102 quantum
752 4019 873 4081 seilicet
885 4018 960 4078 mali
975 4016 1077 4095 pieni·
1129 4018 1234 4080 omnis
1255 4017 1385 4081 effectus
1400 4023 1449 4079 est
1465 4019 1660 4082 couveniens
1674 4037 1741 4082 suia
1759 4037 1878 4091 causei,
1894 4024 1921 4080 et

281 4105 399 4167 tentde
418 4102 570 4174 malisde
584 4101 702 4178 quibus
718 4098 861 4160 laetitiam
875 4097 1074 4170 habuerunt;
1129 4115 1187 4176 per
1209 4115 1410 4176 consequens
1434 4102 1483 4161 est
1505 4098 1534 4159 ei
1560 4099 1776 4167 delectabilis:
1802 4099 1921 4162 contri-

281 4189 314 4245 et
334 4184 411 4245 liuic
435 4181 572 4243 tristitie
597 4179 789 4241 subvenitur
811 4194 870 4255 per
896 4174 1075 4236 contrarias
1129 4179 1218 4238 stans
1234 4179 1339 4239 autem
1353 4177 1570 4240 contrariatur
1583 4177 1792 4250 contristatoq
1808 4181 1841 4240 et
1856 4177 1921 4239 idod

281 4261 519 4324 delectationes.
719 4301 722 4308 -
1129 4253 1260 4316 ellectus
1276 4255 1410 4317 tristitiae
1425 4257 1522 4318 habet
1538 4257 1734 4318 contrariam
1755 4257 1921 4319 habitudi-

321 4341 369 4404 Ad
389 4339 519 4401 tertium
539 4335 708 4398 dicendum
725 4333 832 4413 quod,
856 4329 987 4423 quaudo
1001 4335 1077 4391 sunt
1129 4351 1203 4394 nem
1223 4333 1263 4396 ad
1284 4335 1508 4396 contristatum
1530 4333 1586 4415 (1),
1605 4333 1705 4414 quam
1727 4337 1919 4398 contristaris

281 4420 353 4483 duae
368 4435 475 4482 causae
495 4416 534 4479 ad
549 4415 728 4478 contrarios
743 4417 848 4474 motus
869 4411 1074 4483 inclinantes,
1129 4411 1169 4474 ad
1185 4412 1309 4490 ipsum3
1328 4418 1360 4474 et
1373 4419 1505 4492 propter
1525 4414 1587 4476 hoc
1606 4414 1773 4494 mitigatur
1793 4415 1920 4477 tristitia

280 4505 422 4580 utraque
436 4499 571 4560 alteram
584 4491 731 4572 impedit3
747 4499 778 4552 et
795 4496 902 4554 tamen
916 4489 972 4580 illa
987 4487 1076 4550 iiiia-
1128 4509 1187 4569 per
1207 4491 1354 4554 ellectum
1376 4491 1512 4555 tristitie
1535 4492 1661 4556 ratione
1684 4495 1919 4556 contrarietatis

281 4580 356 4644 liter
374 4579 474 4641 vincit
489 4593 562 4654 quae
576 4574 689 4634 tortior
707 4572 757 4633 est
776 4574 808 4632 et
828 4570 1022 4630 diuturnior.
1038 4569 1075 4629 lu
1128 4570 1296 4649 pradictae.

170 4723 174 4732 p
282 4676 322 4722 eo
334 4657 507 4736 autemqui
526 4653 672 4715 tristatur
680 4652 719 4712 de
734 4649 783 4710 bis
799 4649 963 4726 inquibus
979 4647 1075 4708 simul
1169 4651 1215 4711 Ad
1230 4649 1405 4714 secuudum
1420 4649 1588 4713 dicendum
1606 4649 1691 4731 qubd
1707 4651 1864 4714 habitudo
1876 4649 1921 4713 ei-

282 4756 355 4801 cum
368 4737 473 4799 amico
486 4743 615 4795 mortuo
626 4731 675 4794 rel
688 4732 820 4792 absente
833 4725 983 4790 delectari
999 4743 1076 4787 con·
1128 4729 1229 4792 tertiis
1243 4729 1283 4792 ad
1297 4747 1428 4791 eausam
1444 4735 1492 4791 est
1506 4729 1618 4791 similis
1635 4730 1815 4792 habitudini
1832 4731 1921 4791 dele-

282 4817 399 4887 suevit,
413 4815 484 4876 duae
498 4827 605 4875 causae
625 4810 658 4871 in
676 4807 875 4872 contrarium
888 4807 1075 4868 inducentes
1128 4809 1243 4870 stantis
1257 4809 1296 4871 ad
1312 4808 1514 4885 delectatum,
1529 4809 1606 4889 quia
1619 4809 1794 4889 utrobique
1807 4826 1921 4872 conve-

282 4895 505 4956 inveuiuntur.
526 4891 606 4952 Nam
631 4904 718 4950 mors
739 4887 789 4952 vel
811 4886 958 4950 absentia
980 4885 1076 4946 amici
1128 4889 1250 4950 nieutia
1265 4887 1446 4962 invenitur;
1462 4905 1556 4950 omne
1576 4892 1685 4950 autem
1703 4888 1810 4950 simile
1829 4905 1869 4950 au
1893 4889 1921 4947 et

282 4971 459 5052 recogitatu
470 4969 602 5031 inclinat
612 4968 651 5030 ad
664 4966 806 5028 dolorem
816 4986 824 5038 ς
836 4968 956 5026 benum
969 4968 1076 5026 autem
1129 4985 1225 5028 suum
1244 4966 1366 5042 simile;·
1379 4972 1410 5029 et
1424 4966 1495 5029 ided
1513 4985 1571 5046 per
1581 4968 1684 5029 risum
1700 4971 1731 5028 et
1746 4967 1859 5028 aliose
1883 4983 1921 5026 e.-

283 5067 425 5131 proeseus
457 5049 592 5110 inclinat
627 5045 668 5108 ad
695 5045 961 5116 delectationem
990 5043 1076 5106 unde
1129 5051 1199 5107 etus
1212 5046 1327 5108 lietitiie
1340 5053 1478 5126 augetur
1489 5045 1610 5121 laetitia,
1624 5045 1688 5107 nisi
1702 5043 1784 5107 torte
1798 5065 1856 5125 per
1867 5059 1921 5106 ao-

284 5135 457 5208 utrumque
478 5145 536 5206 per
554 5127 690 5190 alterum
707 5123 873 5185 minuitur.
889 5122 948 5184 Sed
969 5126 1076 5183 tamen
1129 5124 1236 5187 cidens
1252 5131 1383 5204 propter
1396 5142 1576 5186 excessum.

284 5209 362 5287 quia
383 5205 495 5268 lortids
517 5209 625 5267 movet
647 5220 762 5266 seusus
785 5201 951 5294 paesentis
978 5198 1076 5278 quam
1169 5203 1216 5266 ltd
1236 5205 1362 5266 tertium
1381 5203 1550 5266 dicendum
1564 5201 1650 5283 qudd
1670 5201 1859 5284 imaginatio
1874 5201 1919 5262 rei

284 5285 440 5348 memoria
459 5283 628 5363 praeteriti,
643 5285 675 5344 et
694 5297 786 5344 amor
799 5281 849 5344 sui
864 5281 965 5357 ipsius
977 5279 1076 5356 quilm
1130 5283 1361 5356 contristantis‚
1375 5281 1531 5361 quantum
1544 5287 1594 5344 est
1605 5281 1644 5343 dc
1656 5299 1703 5357 se,
1715 5286 1794 5344 nata
1806 5286 1854 5344 est
1865 5298 1921 5343 au-

283 5365 516 5428 amoralterius
529 5357 711 5424 diuturuiiis
722 5357 1076 5438 manet,iudeestqudd
1130 5381 1206 5455 gere
1221 5363 1400 5435 tristitiam3
1422 5361 1477 5424 sed
1491 5379 1532 5422 eir
1549 5361 1611 5424 boc
1627 5361 1697 5440 ipso
1718 5360 1806 5440 quod
1826 5362 1920 5422 bomo

284 5445 425 5508 finaliter
447 5442 617 5510 delectatio¹
640 5441 800 5502 tristitiam
828 5439 971 5516 expellit.
990 5437 1077 5504 Unde
1129 5443 1326 5522 imaginatur
1348 5441 1434 5520 qudd
1459 5438 1534 5503 lacit
1558 5439 1638 5501 illud
1662 5440 1750 5519 quod
1773 5437 1921 5500 convenit

283 5529 469 5604 postpauca
477 5516 875 5609 subditidemtugustinus
884 5515 1075 5608 tibimet,
1130 5520 1191 5584 sibi
1204 5517 1381 5584 secuudiim
1401 5522 1497 5584 talem
1517 5525 1647 5594 statum,
1665 5523 1831 5600 consurgit
1849 5516 1920 5578 inde

285 5620 358 5682 cap.
370 5603 449 5674 Sin
464 5601 581 5681 princ,
594 5597 679 5678 qubd
694 5596 841 5675 pristinis
853 5594 1015 5675 ueneritis
1026 5597 1078 5658 de·

284 5677 622 5782 ¹9⁶⁸⁰¹⁶⁰²²¹⁴⁷¹¹W¹²m
637 5675 729 5739 ΜΨ
743 5676 819 5756 ’Μ’
932 5741 941 5757 ·
1161 5717 1206 5796 qi)
1231 5719 1268 5774 in
1292 5720 1352 5776 coi.
1377 5721 1479 5788 sinn,
1496 5719 1575 5776 coni.
1595 5717 1770 5790 cuiusuis,
1786 5717 1866 5790 ninii
1888 5715 1921 5770 ii

323 5803 363 5874 (i)
381 5802 513 5860 Nicolaitis
523 5800 612 5870 addit,
625 5797 708 5869 idest,
722 5793 847 5869 quotibet.
1133 5793 1313 5850 contristatum.
