4006 6344
84 495 139 560 uu
428 497 563 572 conss.
582 493 746 556 cmxvnr.
766 489 812 570 eu
829 483 988 594 ‘'Ql'0
1005 491 1145 555 venian
1162 495 1207 554 nn
1226 491 1391 555 nonnam:
1675 489 1728 552 ιιι
1801 447 1806 463 ’

88 615 235 678 totaliter
248 611 367 676 deduat
379 623 438 693 per
451 616 618 692 peccatum
631 611 775 674 mortale.
936 608 1051 676 oceidit
1063 608 1216 702 animam.
1237 610 1323 692 Ergo
1340 613 1506 690 peccatum
1519 610 1645 678 nonime
1663 627 1727 695 po-

40 761 44 766 ,
130 693 322 772 Respoudco
341 693 509 754 dicendum
532 691 618 770 qubd
640 690 688 750 dis
711 707 813 754 ouens
833 695 883 756 est
934 691 998 751 test
1011 688 1080 749 lien
1093 689 1239 752 mortale.

88 771 329 852 quodammodo
344 788 442 834 causa
454 792 461 832 ι
475 771 561 832 unde
580 709 756 832 secumfirm
775 770 884 849 dupli-
974 766 1005 826 2.
1019 768 1187 862 Praeterea,
1196 772 1306 862 ‘motus
1321 769 1538 834 sensualitatis
1551 775 1627 866 ante
1641 789 1726 836 con-

87 870 163 914 cem
183 852 314 913 modum
331 869 438 914 cause
457 855 507 914 est
525 851 644 928 duplex
664 848 881 928 dispositionis
935 862 1068 908 sensum
1085 851 1221 910 rationis
1242 853 1291 912 cst
1307 853 1475 928 peccatum
1491 851 1636 925 reniale,
1652 859 1726 931 post

87 931 218 992 modus.
240 931 298 992 list
312 931 397 992 enim
410 945 509 992 causa
524 928 671 1008 quodam
685 945 817 990 movens
832 928 883 991 di·
935 940 1131 987 consensum
1153 927 1231 990 rard
1252 930 1301 990 est
1320 931 1486 1007 peccatum
1511 930 1665 1006 mortale,
1689 937 1727 992 ιιι

87 1009 179 1072 recte
194 1009 234 1072 ad
249 1010 408 1083 eiiectum,
421 1009 504 1072 sicut
513 1006 652 1070 calidum
662 1006 822 1082 ealefacit3
834 1013 883 1070 est
935 1019 1035 1082 supra
1050 1003 1169 1066 dictum
1183 1008 1242 1100 est,
1253 1011 1367 1146 Ὶιιεει.
1382 1005 1434 1080 Ἧι,
1449 1012 1512 1102 uri·
1526 1007 1557 1082 8,
1573 1008 1613 1072 ad
1626 1009 1656 1071 2.
1665 1011 1725 1072 Er·

85 1090 190 1151 etiam
212 1106 311 1153 causa
334 1087 486 1152 indirecte
509 1103 660 1159 movens,
687 1087 882 1150 removendo
935 1087 1409 1166 popeccatumvemaepotest
1423 1085 1492 1180 liert
1507 1089 1654 1150 mortale.

88 1169 280 1247 prohibens,
294 1169 377 1232 sicut
388 1183 557 1232 removens
572 1167 755 1228 columnam
767 1166 883 1228 dicitur
975 1161 1005 1222 3.
1028 1164 1202 1238 Praeterea,
1216 1170 1383 1243 peccatum
1400 1166 1526 1230 veniale
1541 1171 1573 1230 et
1587 1169 1725 1232 mortale

88 1265 259 1312 removere
280 1248 418 1326 lapidem
438 1246 687 1326 superpositum.
705 1245 745 1305 Et
760 1263 883 1308 secun-
935 1239 1098 1314 diuorum,
1115 1241 1198 1305 sicut
1208 1245 1341 1308 morbus
1355 1245 1507 1308 curabilis
1519 1250 1551 1308 ει
1564 1245 1726 1310 incurabi-

87 1325 167 1388 dirm
186 1328 249 1391 boc
269 1335 360 1392 aetus
378 1328 499 1406 peccati
516 1325 684 1406 dupliciter
702 1324 742 1387 ad
760 1325 883 1403 aliquid
934 1319 993 1394 lis,
1015 1324 1053 1381 ιιι
1073 1321 1192 1384 dictum
1214 1328 1262 1386 est
1283 1328 1344 1386 art.
1366 1325 1382 1386 1
1405 1323 1502 1418 bajus
1524 1330 1637 1403 quast.
1665 1326 1727 1389 Sed

88 1405 255 1486 disponit:
271 1424 338 1470 uno
361 1405 492 1486 quidem
514 1401 763 1478 mododirectd,
785 1405 883 1467 etsie
968 1400 1067 1461 orbus
1082 1401 1234 1464 curabilis
1247 1405 1352 1482 potest
1367 1403 1435 1466 lieri
1448 1404 1727 1468 incurabilisEr-
1828 1413 1832 1426 '

87 1485 234 1564 disponit
255 1486 296 1548 ad
318 1491 426 1550 aetum
449 1483 585 1564 similem
606 1480 784 1545 secundum
807 1501 884 1562 spe-
899 1533 907 1567 ,Ι
921 1535 923 1540 .
936 1483 1155 1559 popeccamm
1168 1481 1645 1576 venialepotesttierimortale.

85 1559 191 1637 ciem,
201 1569 234 1626 et
249 1565 312 1627 boc
325 1565 421 1627 modo
435 1563 539 1641 primd
553 1567 584 1624 et
599 1581 658 1641 per
669 1579 704 1624 se
715 1567 883 1640 peccatum
975 1555 1005 1616 i.
1020 1559 1188 1635 Praeterea,
1203 1561 1369 1656 dispositio
1383 1565 1487 1642 potest
1499 1561 1568 1625 lieri
1583 1562 1724 1626 babitus.

87 1641 217 1706 veniale
230 1662 272 1705 ex
285 1661 403 1724 genere
413 1625 479 1704 non
490 1642 631 1720 disponit
643 1641 683 1703 ad
693 1643 828 1704 mortale
841 1659 883 1703 cx
935 1634 996 1698 Sed
1011 1641 1176 1730 peccatum
1191 1641 1317 1703 veniale
1332 1645 1380 1704 est
1397 1641 1563 1720 dispositio
1578 1641 1617 1704 ad
1632 1659 1727 1736 mor-

83 1740 221 1861 ‘llil’
239 1720 313 1784 ⁰⁰¹³
330 1719 883 1864 ‘'tibilitailaaill‘illt
934 1716 1470 1875 itali'ababtibus
1494 1720 1580 1801 ΒΨ
1602 1721 1726 1788 '⁰⁰¹⁸‘

83 1818 146 1958 {mee
166 1819 345 1958 lelprriagffi
369 1817 633 1958 consequentii’m
654 1879 694 1940 ad
717 1818 883 1957 pegcatum
976 1873 1036 1935 Sed
1050 1881 1173 1952 contra,
1188 1895 1227 1940 ea
1243 1895 1316 1957 quae
1328 1877 1481 1942 dlllerunt
1498 1880 1531 1940 in
1551 1879 1725 1958 inlinitum,

82 1958 177 2036 quod
190 1964 239 2020 est
253 1960 389 2022 mortale
399 1962 571 2038 expartea
595 1957 689 2020 entis.
712 1960 884 2038 augmen·
935 1969 1001 2015 nou
1015 1957 1272 2018 transmutantur
1282 1957 1314 2018 iu
1325 1956 1473 2020 invicem.
1487 1957 1547 2020 Sed
1559 1966 1727 2038 peccatum

83 2035 156 2099 tata
176 2039 263 2100 enim
283 2039 493 2118 dispositione
508 2038 559 2101 vel
573 1976 694 2100 {lubitu
715 2055 773 2116 per
791 2043 882 2100 actus
934 2033 1073 2095 mortale
1084 2035 1261 2129 'et-veniale
1278 2036 1428 2131 dllicrnnl
1445 2038 1478 2099 in
1497 2037 1675 2134 infinitum,
1691 2045 1729 2102 ut

109 2121 302 2182 occatorem
312 2118 499 2192 venialium,
517 2117 551 2178 in
575 2121 701 2178 tantum
721 2120 827 2195 potest
846 2119 884 2178 li·
936 2129 978 2172 ex
995 2113 1152 2190 praedrctts
1165 2119 1252 2194 patet
1265 2113 1276 2197 (
1287 2117 1429 2180 articulis
1442 2117 1726 2202 precedentibus).

84 2135 163 2256 {ido
177 2197 330 2274 peccandi
345 2215 500 2270 crescere,
515 2196 601 2275 qudd
615 2195 669 2257 ille
682 2197 738 2274 qni
754 2204 881 2274 peccat,
935 2187 1021 2330 Erfio
1031 2193 1157 2256 veniale
1172 2211 1237 2287 non
1251 2200 1356 2274 potest
1367 2195 1436 2258 lieri
1450 2198 1596 2260 mortale.

83 2273 187 2336 finem
212 2294 309 2338 suum
330 2277 503 2339 constituet
536 2276 570 2336 in
597 2279 727 2353 peccalo
751 2275 881 2338 veniali.
1003 2290 1036 2332 es
1060 2271 1163 2334 ondeo
1186 2273 1354 2337 dicendum
1375 2275 1461 2354 quod
1484 2281 1651 2356 peccatum
1675 2297 1728 2342 vc-

84 2353 171 2416 Nam
193 2356 373 2435 unicuique
393 2355 522 2419 habenti
544 2354 702 2430 habitum,
723 2359 757 2416 in
779 2372 884 2432 quan·
936 2349 1022 2411 niale
1035 2291 1104 2412 geri
1118 2353 1265 2444 mortale,
1277 2355 1723 2447 potesttripliciteriutelligi=

82 2437 159 2494 tum
173 2433 370 2513 bujnsmodi,
386 2434 458 2496 linis
477 2437 527 2496 est
542 2433 687 2512 operatio
706 2432 884 2498 secundum
935 2444 1004 2490 uno
1018 2428 1169 2492 modone
1179 2431 1266 2510 qudd
1279 2433 1361 2495 idem
1373 2437 1463 2496 actus
1479 2453 1614 2498 numero
1624 2435 1728 2513 primo

83 2509 254 2588 habitnm3
268 2512 882 2590 elsicmultotiespeccandorenialitcr,
936 2508 979 2570 sit
999 2513 1165 2587 peccatum
1181 2511 1317 2588 veniale,
1341 2518 1373 2574 et
1396 2517 1509 2592 postea
1529 2516 1677 2590 mortale,
1697 2520 1729 2578 et

82 2591 275 2670 disponitur
284 2593 324 2656 ad
335 2597 503 2674 peccatum
519 2592 665 2654 mortale.
936 2586 1000 2649 boc
1018 2605 1088 2651 esse
1107 2605 1174 2650 uon
1190 2594 1311 2682 potest,
1328 2592 1406 2671 quia
1441 2597 1586 2655 secatum
1601 2593 1729 2673 princi-

130 2671 205 2734 allo
219 2672 313 2734 modo
327 2675 419 2736 actus
437 2673 598 2734 humanus
615 2671 756 2750 disponit
767 2671 807 2735 ad
825 2673 884 2734 ali·
936 2665 1053 2758 paliter
1074 2669 1220 2730 consistit
1236 2671 1271 2731 in
1289 2677 1362 2734 actu
1380 2611 1573 2746 refuntatis,
1594 2673 1677 2736 sicut
1697 2678 1729 2736 et

82 2750 189 2828 quid,
212 2751 410 2815 removendo
430 2751 623 2832 probibens3
648 2756 679 2813 ct
702 2741 763 2813 hoc
788 2752 883 2814 modo
937 2746 1172 2824 qurlrbetactns
1183 2750 1328 2813 moralis.
1343 2750 1432 2814 Unde
1445 2751 1728 2816 nondiciturunus

83 2834 261 2908 peccalum
275 2832 404 2894 veniale
415 2849 455 2894 ex
469 2847 587 2910 genere
599 2833 705 2909 potest
713 2831 884 2910 disponere

83 2907 130 2971 ad
154 2911 292 2972 mortale
311 2914 479 3049 peccalum
501 2927 542 2970 cx
562 2927 691 2990 genere.
714 2909 774 3003 Qui
792 2911 885 3005 'enim

84 2991 204 3066 peccat
216 2989 313 3051 venia
327 2991 387 3052 iter
401 3007 442 3052 ex
457 3006 586 3069 genera,
602 2993 814 3068 pretermittit
828 2991 885 3054 alt·

82 3083 189 3146 quem
214 3068 376 3142 ordinem3
399 3073 432 3130 et
454 3086 497 3128 cx
515 3067 577 3129 hoc
597 3067 684 3147 quod
703 3069 886 3131 consuescit

84 3147 292 3211 voluntatem
307 3165 401 3211 suam
414 3147 447 3208 in
463 3146 641 3209 minoribns
659 3147 765 3210 debito
780 3149 884 3210 ordini

84 3241 157 3286 non
174 3226 350 3306 subjicere,
365 3226 546 3304 disponitur
560 3227 599 3288 ad
612 3227 674 3288 boc
687 3225 773 3366 {ulid
789 3229 885 3291 etiam

84 3305 291 3368 volunlatem
304 3324 398 3370 snam
410 3323 476 3367 non
492 3305 640 3384 subjiciat
656 3322 693 3366 or
715 3307 760 3366 ini
780 3307 885 3368 ultimi

84 3383 177 3456 linis,
194 3385 342 3465 elipando
358 3383 390 3446 id
408 3383 496 3465 quod
508 3387 557 3446 est
570 3389 736 3463 peccatum
750 3387 885 3450 mortale

86 3481 333 3606 exaiglimerlirenum
344 3561 420 3624 ergo
433 3542 602 3636 dicendum
616 3543 702 3622 qubd
718 3550 885 3623 peccatum

86 3622 167 3682 reni
202 3641 219 3684 ε
237 3626 269 3683 ει
289 3625 425 3687 mortale
443 3639 509 3684 non
527 3621 714 3686 dividuntur
730 3643 772 3686 ax
785 3642 886 3705 oppo-

85 3702 167 3775 sito,
183 3701 268 3769 sicut
283 3702 355 3766 dum
372 3702 494 3783 species
513 3701 611 3765 unius
630 3703 769 3782 generis,
781 3708 819 3765 ut
832 3705 887 3766 di-

85 3784 181 3841 ctum
195 3785 245 3842 est
258 3785 319 3844 art.
332 3783 348 3842 1
367 3781 463 3862 hujus
477 3785 604 3860 quaest,
616 3781 656 3843 ad
667 3782 701 3854 13
727 3781 782 3845 sed
803 3785 887 3846 sicut

85 3859 241 3922 accidens
255 3865 368 3924 contra
384 3859 597 3924 substantiam
611 3860 774 3922 dividitur.
797 3861 887 3925 Unde

88 3938 179 3997 sicut
197 3939 344 4002 accidens
362 3945 467 4018 potest
486 3956 557 4001 esse
576 3938 743 4016 dispositio
759 3939 800 4001 ad
814 3940 887 4003 lor-

87 4029 182 4074 mam
200 4019 456 4094 substantialem,
469 4018 516 4081 ita
533 4020 566 4079 et
578 4019 705 4082 veniale
719 4022 887 4098 peccatum

88 4092 131 4154 ad
141 4095 292 4156 mortale.

130 4171 183 4232 Ad
194 4175 371 4236 secundum
379 4175 547 4239 dicendum
558 4175 644 4254 qubd
654 4181 821 4254 peccatum
832 4197 887 4243 re-

86 4249 181 4312 niale
194 4269 260 4312 non
275 4260 323 4315 εει
337 4255 441 4316 simila
455 4255 583 4318 mortali
597 4255 632 4316 in
643 4257 766 4334 specie;
779 4263 829 4319 εει
839 4262 887 4322 ta-

84 4347 168 4391 men
186 4330 290 4396 simile
304 4335 333 4396 ei
350 4334 383 4394 in
399 4351 528 4414 genere,
543 4335 576 4396 iu
591 4338 750 4413 quantum
763 4340 888 4399 utrum·

86 4427 157 4486 que
179 4409 333 4488 importat
351 4413 508 4475 deiectum
530 4413 626 4476 debiti
648 4415 788 4489 ordinis,
813 4415 888 4479 licet

85 4489 236 4629 alitertet
251 4491 356 4568 aliter,
368 4496 405 4554 ut
416 4491 536 4554 dictum
548 4497 597 4554 cst
610 4497 671 4556 art.
685 4493 701 4556 1
715 4495 775 4556 eti
789 4496 885 4576 bujus

112 4585 183 4629 uoes
201 4613 208 4628 .

86 4585 108 4645 q
127 4647 180 4708 Ad
207 4649 336 4711 tertium
360 4649 530 4711 dicendum
553 4648 640 4728 qudd
664 4666 746 4728 opus
765 4653 887 4714 bonum

86 4741 156 4786 non
175 4731 225 4788 cst
245 4746 303 4806 per
320 4747 356 4792 sa
375 4728 542 4807 dispositio
558 4728 599 4791 ad
618 4731 754 4792 mortale
767 4749 889 4809 pecca-

86 4807 179 4874 tum;
203 4811 308 4882 potest
324 4812 433 4871 tamen
447 4825 519 4870 esse
536 4807 672 4871 materia
690 4809 741 4871 vel
759 4813 886 4873 occasio

85 4883 214 4959 peccati
228 4887 371 4950 mortalis
388 4907 445 4965 por
459 4887 619 4949 accidens.
643 4887 703 4950 Sed
718 4897 885 4967 paccatum

87 4961 221 5023 veniale
236 4980 294 5040 per
307 4981 342 5026 se
354 4967 495 5042 disponit
506 4966 547 5030 ad
560 4967 706 5043 mortale,
720 4974 758 5030 ut
768 4969 887 5031 dictum

86 5044 139 5102 est
153 5041 188 5102 in
201 5057 291 5120 corp.

86 5141 275 5206 Anrrcnnns
308 5163 352 5209 rr.
376 5181 413 5194 -·
440 5145 555 5208 Utraim
581 5157 743 5228 paccatum
765 5152 887 5215 canicie

126 5221 234 5302 possit
244 5226 314 5303 fieri
323 5225 463 5289 mortale.
474 5261 513 5271 —-
524 5227 634 5307 (Sap.
651 5238 713 5290 art.
729 5229 765 5304 2,
783 5249 838 5294 cor
863 5277 884 5300 .,

128 5309 159 5362 ει
180 5301 219 5376 2,
240 5302 389 5377 distaffi,
413 5313 521 5386 quast.
546 5306 585 5380 3,
610 5315 672 5368 ort.
696 5309 727 5384 ⁷,
752 5317 780 5371 ct
842 5311 883 5373 ct.

129 5389 239 5457 quest.
254 5383 285 5457 ⁷,
299 5393 361 5446 ort.
377 5385 409 5460 3,
421 5393 449 5446 ει
462 5386 548 5447 Prot.
566 5387 636 5469 10.)

129 5498 178 5558 Ad
193 5508 344 5577 quartum
357 5507 403 5570 sic
414 5511 609 5587 proceditur.
620 5512 786 5574 1.Videtur
823 5515 886 5578 ubd

85 5581 400 5670 peecatnmyeniale
418 5591 521 5661 pessit
540 5591 609 5652 lieri
631 5594 778 5655 mortale.
799 5533 887 5658 iacit

86 5673 176 5716 enim
205 5659 419 5738 Augustinus,
441 5681 480 5723 ex
506 5681 606 5726 ouans
627 5671 704 5732 illud
726 5673 819 5734 Joan.
842 5676 883 5736 3:

85 5735 154 5810 Qui
167 5737 348 5801 incredulas
369 5750 414 5802 est
433 5683 535 5816 iiiia,
552 5762 617 5804 aaa
639 5745 754 5807 videbit
777 5753 883 5820 citam,

85 5820 183 5876 tract.
201 5817 250 5892 12,
270 5819 346 5880 circ.
364 5819 420 5881 dn.
439 5822 591 5884 :Peccata
611 5825 739 5886 lnirtima
753 5827 762 5906 t
774 5827 804 5888 id
824 5834 884 5905 est,

937 2828 1027 2887 actus
1041 2827 1219 2903 moraliter,
1235 2828 1263 2892 si
1277 2830 1429 2893 voluntas
1442 2834 1600 2904 mutetur,
1613 2849 1729 2911 quam-

936 2905 985 2967 ris
1001 2904 1097 2968 etiam
1110 2907 1194 2969 actio
1211 2905 1388 2972 secundnm
1402 2913 1552 2973 naturam
1567 2911 1609 2972 sit
1623 2912 1731 2976 conti-

937 3000 1024 3058 nua3
1047 2985 1075 3046 si
1096 2990 1205 3049 autem
1222 2988 1371 3052 voluntas
1393 3008 1459 3052 non
1481 2994 1640 3066 mutetur,
1662 3009 1729 3054 non

937 3067 1128 3142 potestesse
1142 3067 1230 3144 qudd
1243 3067 1282 3130 de
1296 3068 1415 3132 veniali
1426 3069 1483 3132 liat
1492 3070 1639 3133 mortale.
1655 3069 1729 3133 Alio

937 3143 1033 3204 modo
1049 3149 1156 3222 potest
1169 3146 1317 3229 intelligi,
1332 3151 1369 3209 ut
1385 3149 1417 3210 id
1436 3148 1523 3228 qnod
1538 3154 1588 3212 est
1602 3149 1730 3214 veniale

939 3240 981 3283 ex
994 3239 1124 3301 genere,
1138 3223 1194 3288 tiat
1207 3227 1343 3290 mortale
1355 3247 1364 3304 ;
1385 3231 1417 3290 et
1429 3227 1492 3290 boc
1503 3226 1634 3307 quidem
1669 3247 1731 3292 os-

938 3301 1031 3363 sibile
1041 3305 1100 3376 cst,
1109 3303 1143 3364 in
1155 3308 1314 3382 quantum
1326 3307 1532 3371 constituitur
1542 3308 1577 3369 in
1591 3325 1630 3371 eo
1643 3247 1729 3383 inis,

937 3380 990 3443 vel
1007 3380 1040 3442 in
1060 3390 1218 3460 quantum
1237 3384 1377 3448 retertur
1397 3386 1437 3450 ad
1455 3387 1592 3449 mortale
1633 3405 1732 3453 ecca-

937 3464 1007 3520 tum
1022 3460 1105 3522 sicut
1121 3461 1161 3524 ad
1175 3463 1287 3540 tinem,
1300 3469 1337 3526 nt
1347 3465 1521 3529 dictumest
1534 3471 1596 3529 art.
1605 3405 1730 3548 inuias

937 3543 1052 3680 εει·
1067 3541 1731 3701 itia.altaatailla.t³.ai

938 3702 1106 3775 peccatum
1127 3702 1274 3764 mortale.
1297 3699 1389 3776 Quod
1412 3702 1440 3765 si
1462 3703 1508 3764 sic
1533 3703 1731 3782 intelligatur

939 3774 1370 3920 illibatissimi
1384 3780 1730 3938 statilianam·

1720 3905 1730 3935 9

939 3934 1057 3994 falsum
1071 3939 1135 4010 est;
1150 3953 1215 3997 non
1228 3937 1315 3998 enim
1326 3939 1435 4000 omnia
1447 3943 1579 4018 peccata
1593 3940 1732 4004 venialia

939 4011 979 4074 dc
996 4013 1115 4073 mundo
1132 4019 1269 4093 possunt
1284 4016 1404 4079 babere
1423 4021 1548 4080 tarrtum
1566 4018 1605 4082 de
1625 4025 1729 4096 reatu,

940 4096 1098 4170 quantum
1110 4111 1212 4154 unum
1226 4101 1392 4174 peccatum
1403 4098 1551 4160 mortale.
1569 4098 1733 4178 Quodpa·

938 4172 984 4231 tet
995 4176 1140 4250 exparte
1152 4172 1347 4249 durationis,
1363 4176 1441 4254 quia
1455 4181 1623 4256 peecatum
1642 4194 1733 4240 mor-

939 4249 1003 4312 tale
1021 4250 1118 4313 babet
1140 4257 1267 4316 reatum
1287 4273 1389 4334 pmnae
1409 4260 1547 4329 aeterne,
1562 4261 1732 4336 peccatum

940 4333 1049 4390 autem
1066 4331 1193 4394 veniale
1210 4337 1336 4396 reatum
1354 4352 1457 4414 poenca
1476 4337 1678 4414 temporalis,
1694 4341 1731 4398 ut

940 4407 1058 4470 dictum
1075 4414 1124 4472 est
1137 4415 1198 4474 art.
1210 4412 1333 4494 Sunius
1347 4418 1461 4507 quast.
1474 4416 1565 4477 Patet
1577 4415 1673 4478 etiam
1687 4433 1730 4477 ex

939 4492 1032 4567 parte
1051 4507 1153 4566 pmnae
1171 4490 1292 4568 damni,
1312 4511 1389 4571 qula
1409 4497 1576 4572 peccatum
1596 4494 1731 4555 mortale

940 4573 1083 4628 meretur
1092 4569 1268 4631 carentiam
1281 4572 1413 4634 visionis
1428 4572 1555 4643 divinae,
1574 4572 1627 4633 cui
1642 4572 1733 4636 nulla

940 4646 1005 4708 alia
1026 4663 1121 4723 poena
1142 4650 1323 4726 comparari
1346 4652 1466 4727 potest,
1486 4656 1523 4711 ut
1541 4648 1732 4730 Cbrpsosto·

940 4742 1012 4785 mus
1028 4725 1120 4800 dicit,
1136 4725 1223 4787 bom.
1240 4727 1468 4801 minnistan,
1484 4727 1642 4806 aliquant.
1656 4734 1733 4794 ante

939 4802 996 4864 lin.
1012 4804 1207 4867 Patctetiam
1220 4811 1362 4888 exparte
1374 4805 1613 4888 punmsensirs,
1627 4825 1717 4887 quau

939 4879 1008 4944 idm
1021 4882 1061 4946 ad
1072 4901 1213 4946 vermem
1224 4885 1523 4960 conscienticc3licdt
1533 4885 1613 4949 lortd
1627 4906 1733 4966 quan·

939 4959 1008 5022 tbm
1028 4963 1067 5026 ad
1086 4979 1214 5042 poenam
1231 4966 1315 5046 ignis
1333 4984 1398 5028 non
1416 4966 1481 5029 sint
1500 4965 1733 5046 improportio-

941 5042 1188 5120 nabilespoenae.

979 5119 1011 5182 Si
1033 5122 1111 5186 verb
1135 5122 1334 5205 intelligatur
1357 5124 1443 5206 quod
1468 5126 1572 5190 multa
1598 5133 1731 5205 peccata

940 5201 1081 5264 venialia
1108 5200 1231 5265 iaciunt
1253 5223 1356 5266 unum
1378 5206 1515 5268 mortale
1532 5205 1730 5285 dispositive,

940 5279 987 5342 sic
1011 5299 1125 5343 verum
1146 5283 1324 5356 est,'sicut
1350 5301 1449 5363 supra
1477 5289 1643 5349 ostensum
1670 5290 1730 5360 est,

940 5363 1001 5421 art.
1022 5359 1042 5424 3
1061 5359 1157 5440 bajus
1179 5368 1307 5441 quase,
1323 5361 1500 5428 sccunddm
1518 5364 1599 5426 dnos
1619 5365 1731 5426 modos

940 5438 1174 5517 dispositionis,
1197 5443 1315 5582 quibus
1337 5449 1504 5524 peccatum
1523 5443 1651 5508 veniale
1668 5443 1734 5505 dis·
1754 5505 1758 5516 ,

941 5519 1031 5596 ponit
1047 5519 1087 5580 ad
1104 5524 1207 5583 morta
1221 5540 1249 5584 e.

981 5597 1028 5659 nd
1043 5599 1183 5675 primum
1196 5619 1233 5662 er
1254 5602 1455 5666 edicendum
1471 5601 1558 5681 qubd
1578 5600 1732 5681 Augusti·

941 5694 1002 5740 nus
1015 5677 1160 5754 loquitur
1169 5680 1202 5740 in
1212 5621 1268 5743 ilio
1279 5701 1376 5746 sensu
1389 5681 1475 5762 qubd
1488 5682 1589 5745 multa
1600 5683 1733 5762 peccam

940 5755 1081 5820 venialia
1095 5757 1282 5898 dispositive
1297 5767 1433 5826 causant
1446 5762 1591 5824 mortale.

980 5835 1027 5895 Ad
1038 5853 1136 5898 secun
1160 5841 1652 5921 umdicendumqubdilleidem
1663 5857 1733 5904 mo-

84 5896 243 5986 rtariolia)
254 5895 282 5957 si
296 5899 510 5978 aeplipamur,
524 5903 683 5965 occidant.
698 5905 756 5966 Sed
768 5927 809 5968 ex
824 5909 886 5973 boc
940 5915 992 5976 tus
1007 5919 1224 5984 sensualitatis
1238 5923 1293 6001 qui
1305 5921 1466 6002 praecessit
1476 5938 1733 5998 consensurura·

84 5974 207 6042 dicitur
223 5982 391 6056 peccatum
410 5980 558 6060 mortale,
577 5985 655 6064 quia
674 5987 885 6068 spiritualiter
939 5992 1050 6076 tionis,
1072 5999 1240 6084 nunquam
1261 6003 1302 6065 sit
1323 6008 1490 6083 peccatum
1511 6001 1659 6076 mortale,
1677 6001 1732 6088 scd

308 6079 443 6151 Sullu-
464 6081 506 6154 ll·
1386 6105 1632 6189 (Vicat-deux.)
