4080 6354
281 385 285 391 .
304 333 354 388 tal

302 466 367 512 ιιοιι
383 453 491 512 autem
506 467 632 529 semper
644 453 684 512 ab
699 467 737 512 eo
751 450 838 528 quod
848 454 896 514 est
909 453 997 530 prius
1008 455 1087 513 tem-

325 545 392 588 oie.

302 545 323 605 P
342 606 527 669 adtertium
539 606 709 670 dicendum
729 606 815 686 qudd
829 605 868 668 de
881 623 920 668 eo
936 607 1022 686 quod
1039 612 1088 670 est

302 685 460 763 agendum
490 691 621 765 propter
646 685 753 758 tinem,
782 703 846 746 non
863 701 1086 764 quereremus

302 764 385 823 scire
395 780 436 825 an
451 765 491 825 sit
507 765 670 842 possibile,
687 765 713 826 si
728 779 792 824 non
809 768 894 825 esset
908 781 1086 844 congruum

303 839 377 908 iiiiii
394 846 424 902 et
435 842 504 905 ideo
517 843 606 921 prius
622 846 748 921 oportet
760 842 924 919 inquirere
945 858 987 904 aii
1003 859 1088 904 coii-

301 919 409 981 veniat
422 921 462 982 ad
476 920 655 984 ducendum
671 921 704 982 in
719 918 932 998 tinem,qutini
942 921 1087 984 couside-

301 1003 391 1059 retur
406 1015 447 1059 an
462 1001 503 1060 sit
515 999 678 1078 possibile.

300 1075 482 1142 linricuius
498 1097 542 1140 vi.
554 1074 1042 1157 r-lltrdmconsi'liumpracedat
1052 1079 1087 1140 ia

618 1155 652 1218 in
676 1155 789 1216 eitum.

304 1309 311 1324 υ
342 1231 392 1325 Ad
400 1235 526 1325 scutum
542 1233 589 1325 sie
601 1157 793 1327 proficeditur.
810 1232 1085 1326 l.·Vid·etur·qudd

300 1317 477 1478 altili
500 1311 896 1469 ttlllaltldtal.
909 1312 1087 1468 illlata:

299 1468 408 1540 ribus,
423 1467 456 1529 in
472 1469 590 1546 quibus
603 1473 651 1532 est
661 1469 818 1552 operatio.
835 1468 893 1530 Sed
907 1469 1085 1548 singularia

299 1550 376 1684 piant
389 1545 523 1610 inlinita.
542 1548 627 1628 Ergo
642 1547 809 1627 inquisitio
823 1547 949 1609 consilii
964 1551 1013 1609 est
1029 1549 1086 1609 in-

323 1624 401 1686 nita.

338 1701 368 1762 2.
383 1705 559 1780 Praeterea,
575 1706 636 1767 sub
657 1703 865 1782 inquisitione
884 1704 1010 1765 consilii
1024 1721 1085 1767 oa-

298 1779 344 1840 dit
366 1783 587 1856 considemus,
612 1799 677 1843 nou
703 1781 807 1844 soliim
822 1782 899 1874 quid
927 1781 1085 1861 agendum

299 1857 358 1931 sit,
374 1860 429 1920 sed
444 1861 539 1923 etiam
552 1859 712 1938 quomodo
727 1860 953 1938 impedimenta
962 1861 1086 1922 tollan-

297 1940 363 1998 tur.
379 1937 438 2001 Sed
452 1939 755 2018 qualibetliumana
775 1939 858 2002 actio
878 1943 984 2016 potest
1004 1937 1086 1999 inli-

298 2013 364 2076 nite
378 2016 539 2095 impediri;
554 2023 585 2078 et
608 2017 869 2096 impedimentum
893 2017 960 2078 tolli
980 2020 1085 2096 potest

320 2111 356 2155 er
368 2095 509 2174 aliquam
518 2097 675 2158 rationem
688 2095 875 2158 humanam.
893 2097 977 2176 Ergo
989 2096 1022 2157 in
1035 2096 1084 2157 in·

296 2111 1084 2310 §nigpmremanetquereredeimpedimentistol-

310 2267 349 2311 en
371 2270 410 2313 is.
531 2295 533 2298 -

336 2328 366 2388 3.
380 2330 721 2410 Preterea,inquisitio
734 2331 874 2394 scientie
884 2330 1084 2395 demonstra·

296 2407 369 2469 tivis
383 2426 447 2470 non
462 2409 605 2488 procedit
628 2411 661 2471 in
675 2409 854 2481 infinitum,
868 2410 945 2488 quia
957 2413 1005 2471 est
1021 2410 1084 2472 de-

294 2487 406 2548 venire
429 2487 461 2548 in
484 2488 594 2566 aliqua
608 2488 762 2566 principia
777 2507 835 2566 per
849 2505 883 2550 se
896 2491 971 2550 nota
985 2533 993 2561 ,
1009 2505 1083 2566 quie

295 2565 512 2630 omnimodam
526 2567 747 2629 certitudinem
766 2567 896 2629 babent.
919 2566 978 2629 Sed
1006 2567 1080 2628 talis

295 2643 452 2706 certitudo
475 2662 541 2706 nou
561 2649 666 2738 potest
682 2645 820 2707 inveniri
843 2647 878 2722 iii
904 2645 1084 2725 singulari-

296 2722 356 2783 bus
381 2723 655 2804 contiugentibus,
668 2739 742 2801 quie
770 2728 846 2785 suiit
862 2725 1033 2787 variabilia
1051 2727 1083 2785 et

294 2798 427 2938 inperta.
440 2803 526 2882 Ergo
549 2802 716 2882 inquisitio
736 2802 875 2865 consilii·
890 2801 1034 2880 procedit
1046 2801 1081 2862 iii

294 2877 466 2942 ininitum.

334 2955 393 3018 Sed
408 2963 532 3032 contra,
546 2959 656 3021 nullus
668 2962 817 3020 movetur
839 2958 879 3022 ad
901 2957 931 3020 id
944 2958 984 3020 ad
994 2957 1082 3036 quod

293 3033 336 3094 im
361 3038 491 3100 ossibile
504 3040 553 3100 est
588 3039 651 3099 udd
665 3037 848 3116 perveniat,
861 3042 897 3099 ut
911 3037 1028 3098 dicitur
1047 3038 1080 3099 in

294 3113 310 3174 1
346 3113 473 3187 etloelo,
483 3057 624 3178 textqttl.
639 3117 698 3178 Sed
711 3115 870 3178 infinitum
884 3115 1080 3208 impossibile

294 3194 343 3253 est
370 3196 519 3256 transire.
546 3195 578 3256 Si
602 3195 701 3274 igitur
719 3195 887 3274 inquisitio
901 3195 1026 3264 consilii
1040 3198 1081 3256 sit

293 3269 431 3343 inlinita,
445 3272 553 3336 nullus
569 3273 731 3336 consiliari
744 3274 909 3354 inciperet,
923 3273 1009 3351 quod
1024 3290 1081 3352 pa·

292 3352 338 3411 tet
351 3367 421 3412 esse
435 3352 562 3414 laisum.

331 3428 518 3507 llespondeo
529 3429 698 3493 dicendum
711 3429 796 3508 qudd
812 3429 978 3506 inquisitio
999 3445 1080 3490 con-

292 3505 355 3567 silii
369 3513 417 3570 est
428 3507 518 3572 linita
535 3509 568 3569 in
584 3513 658 3571 actu
675 3527 716 3570 eii
730 3507 849 3586 duplici
863 3514 966 3585 parte,
986 3506 1080 3568 scili-

292 3588 648 3666 cetexparteprincipii
661 3591 744 3648 etex
757 3590 850 3664 parte
865 3585 1004 3646 termini.
1018 3585 1079 3646 Ac-

291 3661 409 3741 cipitur
422 3667 508 3728 enim
522 3667 556 3727 in
581 3664 791 3743 inquisitione
812 3663 937 3724 consilii
960 3663 1079 3741 duplex

290 3742 484 3821 principium
499 3765 508 3804 ε
523 3762 626 3805 ιιιιιιιιι
639 3741 806 3834 proprium
822 3759 863 3802 ex
879 3742 950 3819 ipso
961 3759 1078 3820 genere

290 3819 1079 3992 titillabitdistillabatlitai

289 3982 487 4135 {titiant
501 3979 623 4118 iiiia
636 3975 1078 4148 alicarnassi..

289 4135 377 4194 etin
401 4135 543 4200 scientiis
569 4134 828 4196 demonstrativis
850 4149 916 4196 una
943 4139 1078 4196 seientia

289 4215 442 4290 supponit
456 4213 566 4292 aliqua
579 4214 620 4274 ab
630 4210 706 4283 alta,
717 4209 755 4272 dc
766 4211 883 4289 quibus
896 4227 959 4271 ιιοιι
972 4211 1077 4288 inqui-

289 4290 342 4350 rit.

327 4367 517 4447 Huiusmodi
537 4369 644 4428 autem
662 4366 831 4445 principia,
847 4383 918 4443 quae
934 4366 1078 4443 inquisi-

288 4445 375 4508 tione
389 4447 514 4509 eonsilii
529 4449 768 4523 supponuntur,
780 4447 855 4506 sunt
867 4461 1077 4523 quecumque

288 4529 364 4587 suut
380 4543 438 4602 per
458 4541 588 4586 sensum
609 4529 757 4599 accepta;
779 4525 889 4599 utpote
907 4523 993 4600 qubd
1016 4523 1076 4586 boe

288 4604 330 4662 sit
342 4603 433 4680 panis
447 4604 498 4665 vel
515 4603 646 4674 terium,
662 4605 693 4662 et
704 4618 913 4678 quaecumque
930 4605 1005 4662 sunt
1019 4620 1077 4679 per

288 4681 432 4757 aliquam
453 4680 619 4757 scientiam
638 4679 866 4758 speculativam
887 4681 937 4740 vel
976 4681 1077 4743 raeti-

288 4775 358 4819 cam
373 4760 406 4819 iu
423 4757 599 4820 universali
619 4759 766 4836 cognita,
784 4757 865 4819 sicul
885 4698 975 4834 quod
992 4777 1076 4818 moe-

287 4834 1074 4914 cbariestdlteoprobibitum,etquddhomonon

287 4917 392 4990 polest
402 4915 522 4983 vivere,
536 4913 598 4975 uisi
613 4913 773 4975 nutriatur
786 4914 982 4974 nutrimento
995 4931 1077 4976 coii-

289 4991 445 5062 venienti;
460 4997 491 5054 et
506 4992 545 5054 de
560 4992 628 5053 istis
646 5008 711 5052 non
726 4991 860 5068 inquirit
878 4992 1073 5053 consiliator.

327 5069 495 5132 Terminus
512 5074 618 5132 autem
636 5069 852 5146 inquisitionis
872 5073 920 5132 est
939 5070 970 5130 id
988 5069 1073 5147 quod

288 5147 393 5208 statim
416 5155 465 5209 est
490 5149 521 5208 iii
543 5151 698 5226 potestate
720 5145 829 5210 nostra
848 5151 882 5207 ul
906 5146 1072 5208 iaciamus.

287 5223 374 5286 Sicut
390 5227 474 5288 enim
489 5227 561 5288 linis
575 5227 671 5288 babet
685 5226 841 5287 rationem
853 5224 1014 5304 principii,
1029 5224 1073 5288 ita

286 5301 317 5362 id
331 5303 414 5379 quod
428 5305 533 5384 agitur
566 5309 674 5382 repter
686 5304 792 5375 linem,
808 5303 903 5364 babet
915 5303 1072 5363 rationem

286 5382 512 5443 conclusionis.
556 5383 615 5444 nde
636 5381 666 5442 id
686 5381 771 5460 quod
794 5380 896 5458 priind
914 5380 1072 5458 agendum

286 5460 440 5531 occurrit,
456 5460 552 5524 babet
569 5461 725 5524 rationem
743 5459 864 5522 ultime
885 5458 1073 5520 conclusio-

285 5538 348 5608 nis,
363 5539 403 5600 ad
419 5556 516 5618 quarn
530 5539 697 5618 inquisitio
712 5538 913 5598 terminatur.

323 5617 407 5678 Nihil
418 5622 524 5681 aulem
535 5617 682 5697 probibet
692 5615 860 5676 consilium
870 5611 1012 5692 potentia
1023 5615 1072 5674 in-

284 5694 409 5756 linitum
430 5715 517 5769 esse,
542 5691 717 5757 secundiim
742 5691 829 5770 qudd
855 5691 887 5753 in
911 5690 1070 5754 inlinitum

284 5769 1067 5854 possuntaliquaoccurreiccoiisilioinquireuda.

758 335 886 391 suilllili
906 336 1131 394 ‘ltiizouotltcffi
1150 339 1253 396 altilia
1272 343 1451 402 SECUNDAE.
1903 357 1947 412 tta

1155 501 1167 546 ⁴.
1182 454 1228 516 dd
1246 456 1384 534 primam
1399 475 1477 540 ergo
1493 459 1661 540 dicendum
1680 463 1779 558 quod
1803 467 1948 562 singula·

1141 550 1190 594 ria
1206 551 1271 596 nou
1286 541 1362 598 sunt
1379 537 1502 601 infinita
1516 546 1602 614 aeta,
1620 541 1674 603 sed
1690 561 1724 604 in
1744 547 1914 622 potentii.

1180 613 1227 703 ild
1236 615 1690 698 secundumdicendumqudd,
1703 622 1790 684 licdt
1805 625 1947 690 bumana

1140 694 1224 752 aetio
1237 693 1338 770 possit
1352 695 1511 774 impediri,
1526 714 1592 758 nou
1607 703 1712 760 tamen
1733 719 1878 782 semper
1892 706 1948 766 ha-

1140 768 1193 828 bet
1202 768 1460 847 impedimentum
1468 781 1636 866 paratum3
1648 785 1679 838 et
1690 778 1770 840 ided
1784 798 1858 841 nou
1869 801 1946 844 seni·

1139 853 1343 984 perdoportet
1363 852 1526 914 consiliari
1552 853 1591 916 de
1614 852 1860 936 impedimento
1885 862 1946 922 tol-

1153 941 1192 985 cn
1215 942 1244 986 o.

1178 1003 1224 1096 Ad
1237 1006 1367 1067 tertium
1380 1005 1546 1070 dicendum
1562 1009 1648 1088 qubd
1664 1011 1697 1072 ia
1711 1011 1943 1106 singularibus

1139 1085 1396 1162 contingentibus
1414 1091 1517 1164 potest
1533 1089 1655 1166 aliquid
1671 1091 1782 1169 accipi
1803 1097 1940 1165 certum,

1139 1160 1198 1220 etsi
1221 1179 1285 1221 non
1307 1163 1512 1241 simpliciter,
1534 1170 1639 1229 tamen
1653 1172 1689 1228 ut
1710 1188 1831 1244 nunc,
1853 1175 1943 1250 prout

1138 1242 1316 1302 assumitur
1329 1242 1362 1301 iii
1378 1245 1576 1320 operatione.
1596 1245 1764 1308 Socratem
1783 1251 1878 1312 enim
1892 1269 1943 1310 se-

1137 1314 1212 1410 dpre
1229 1335 1294 1379 non
1316 1323 1362 1380 est
1378 1323 1611 1397 necessarium,
1629 1323 1685 1384 sed
1704 1343 1789 1386 eum
1814 1329 1941 1391 sedere.

1137 1393 1211 1456 dum
1225 1395 1324 1469 sedet,
1339 1403 1385 1458 est
1401 1403 1634 1477 necessarium
1648 1409 1681 1464 et
1692 1403 1759 1466 boc
1773 1423 1841 1484 pei·
1853 1407 1942 1468 certi·

1138 1473 1282 1536 tudinem
1296 1477 1397 1554 accipi
1410 1481 1525 1556 potest.

1393 1579 1572 1653 QUAESTlO
1592 1581 1663 1643 XV.

1136 1651 1184 1713 Dii
1201 1670 1374 1730 corssnsu,
1392 1675 1447 1728 eui
1466 1677 1524 1720 issr
1539 1677 1635 1722 ieros
1651 1677 1874 1736 voiunriris,
1891 1681 1940 1723 aa·

1176 1749 1294 1794 secero
1315 1752 1425 1798 ιιοιιιιιι
1442 1754 1514 1807 quia
1531 1757 1612 1800 surr
1634 1758 1674 1800 io
1692 1757 1817 1802 sinnii.
1834 1775 1874 1786 —
1890 1741 1939 1820 (la

1175 1821 1311 1891 quatuor
1322 1814 1474 1875 articulos
1488 1815 1614 1897 diuisa.)

1174 1909 1295 1971 Deinde
1309 1911 1575 1976 considerandum
1588 1919 1637 1977 est
1649 1916 1688 1977 de
1704 1934 1897 1991 consensu;
1911 1923 1938 1979 et

1136 1987 1221 2049 circa
1234 1989 1294 2050 boc
1306 1996 1495 2067 quaeruntur
1506 1998 1646 2070 quatuor
1660 2015 1668 2055 ι
1683 1995 1850 2058 renum
1865 2013 1935 2058 con-

1137 2083 1251 2128 sensus
1267 2067 1309 2129 sit
1323 2073 1413 2130 actus
1429 2073 1609 2149 appetitiva
1622 2074 1673 2135 vel
1686 2075 1937 2167 apprehensive

1135 2145 1282 2218 virtutis3
1299 2146 1329 2206 2⁰
1345 2145 1450 2209 utrum
1469 2150 1639 2213 conveniat
1653 2154 1759 2214 brutis
1778 2153 1934 2215 animali-

1135 2224 1215 2296 bus;
1230 2223 1260 2284 3⁰
1275 2223 1383 2286 utri'ini
1398 2227 1439 2287 sit
1455 2228 1493 2290 de
1506 2228 1569 2291 tine
1584 2230 1634 2291 vel
1645 2230 1683 2291 de
1698 2230 1748 2292 bis
1766 2249 1848 2312 qiiae
1863 2234 1933 2293 sunt

1135 2300 1174 2362 ad
1188 2301 1302 2376 tinem;
1321 2300 1352 2363 i⁰
1367 2303 1475 2366 utriiin
1495 2323 1672 2370 consensus
1687 2309 1719 2369 in
1734 2314 1852 2372 artum
1866 2327 1932 2388 per·

1135 2381 1235 2442 lineat
1250 2379 1355 2444 soliim
1370 2382 1409 2444 ad
1427 2386 1624 2465 superiorem
1641 2388 1758 2450 animae
1776 2393 1914 2468 partein.

1135 2478 1313 2541 dnricoius
1341 2499 1470 2546 rniuus.
1495 2519 1534 2528 —
1557 2483 1669 2548 Utnim
1693 2505 1873 2548 consensus
1895 2486 1932 2546 sit

1173 2567 1261 2618 actus
1279 2561 1456 2638 appetitiva
1471 2561 1520 2623 oei
1539 2561 1771 2702 apprehensiooe
1789 2565 1928 2628 uirtutis.

1172 2635 1313 2776 -tllinfi,
1324 2646 1431 2798 pactast.
1441 2638 1493 2717 lli,
1505 2650 1566 2702 ort.
1600 2641 1661 2717 ,ad
1670 2643 1699 2718 l,
1708 2652 1737 2705 et
1747 2641 1781 2720 i,
1795 2643 1873 2706 dist.
1882 2641 1929 2714 29,

1172 2732 1234 2774 ar.
1270 2735 1380 2796 ,corp.

1171 2792 1219 2855 Ad
1234 2793 1373 2872 primum
1385 2795 1431 2857 sic
1444 2799 1636 2875 proceditur.
1652 2799 1681 2860 1.
1695 2799 1837 2862 Videtur
1848 2797 1927 2878 qudd

1133 2873 1485 2965 consentirepertineat
1499 2875 1603 2969 soliim
1617 2878 1657 2941 ad
1670 2885 1799 2972 partem
1816 2879 1927 2969 anime

1132 2951 1926 3122 litabitililailtltdiitltlitigilli

1132 3110 1262 3170 rationi.
1288 3107 1347 3172 Sed
1373 3111 1456 3173 ratio
1480 3112 1627 3175 nominat
1652 3115 1933 3193 apprehensivam,

1132 3185 1293 3250 virtutem.
1308 3189 1393 3270 Ergo
1407 3193 1590 3254 consentire
1601 3195 1740 3271 pertinet
1753 3194 1796 3258 ad
1812 3207 1923 3273 appre·

1131 3262 1296 3328 hensivain
1314 3269 1475 3330 virtutem.

1169 3342 1200 3404 2.
1224 3346 1397 3420 Praeterea,
1413 3349 1595 3410 consentire
1610 3352 1658 3410 est
1676 3349 1774 3412 simul
1793 3349 1920 3412 sentire.

1131 3419 1189 3482 Sed
1207 3424 1326 3486 sentire
1340 3430 1389 3488 est
1402 3425 1643 3505 apprehensivai
1660 3431 1827 3507 potentias.
1842 3429 1921 3504 Ergo

1130 3503 1162 3561 et
1180 3501 1371 3565 consentire.

1169 3577 1198 3640 3.
1214 3581 1380 3654 Praeterea,
1392 3583 1474 3645 sicut
1487 3583 1638 3646 assentire
1647 3583 1721 3646 dicit
1734 3582 1919 3673 applicatio

1130 3675 1202 3718 nem
1221 3657 1399 3722 intellectiis
1418 3661 1457 3724 ad
1472 3661 1610 3740 aliquid,
1628 3664 1672 3725 ita
1687 3667 1719 3724 et
1732 3669 1915 3726 consentire.

1130 3733 1189 3798 Sed
1212 3739 1368 3800 assentire
1389 3740 1527 3817 pertinet
1546 3739 1587 3802 ad
1607 3740 1825 3816 intellectum,
1845 3737 1918 3818 quia

1129 3815 1239 3907 estiis
1256 3817 1504 3956 apprehensos.
1529 3819 1613 3912 Epgo
1634 3825 1665 3881 ct
1685 3819 1869 3884 consentire
1881 3814 1917 3878 ad

1129 3909 1192 3953 vim
1206 3911 1304 3972 appre
1329 3913 1472 3958 ensivam
1485 3901 1633 3975 pertinet.
1858 3975 1864 3988 ·

1143 4050 1149 4065 ι
1168 3971 1227 4033 Sed
1244 3978 1356 4065 contra
1372 3979 1420 4036 est
1435 3975 1519 4053 quod
1534 3977 1843 4069 Damascenusndicit
1854 3969 1916 4065 iud

1128 4049 1914 4268 tintaipnainstitissem

1128 4223 1254 4268 sensus.
1270 4207 1308 4268 Se
1342 4207 1473 4288 diligere
1487 4211 1526 4272 ad
1545 4211 1751 4291 appetitivam
1766 4214 1912 4276 virtutem
2007 4254 2008 4264 ι

1127 4285 1276 4362 pertinet.
1293 4287 1623 4366 Ergoetconseusus.
1893 4325 1896 4332 ·
2008 4286 2009 4315 ¹

1167 4363 1355 4441 Respondco
1373 4363 1540 4427 dicendum
1560 4367 1646 4445 qudd
1664 4369 1841 4430 consentire
1855 4365 1913 4425 im-

1127 4445 1233 4519 portat
1253 4443 1499 4520 applicationem
1518 4444 1631 4508 sensds
1653 4445 1692 4508 ad
1712 4445 1847 4525 aliquid.
1862 4441 1911 4502 usi
2008 4441 2010 4473 i

1127 4524 1235 4579 autern
1254 4522 1419 4599 proprium
1434 4523 1546 4584 sensiis
1565 4523 1650 4615 qudd
1679 4523 1910 4611 cognoscitiuus

1127 4603 1175 4657 est
1190 4616 1297 4658 rorum
1312 4601 1537 4677 praesentium
1554 4619 1599 4662 vis
1611 4602 1696 4664 euim
1709 4603 1909 4682 imaginatus
2008 4605 2010 4650 ι’

1127 4677 1419 4754 cstapprebensiva
1430 4679 1673 4742 similitudinum
1685 4680 1907 4760 corporalium,

1127 4753 1222 4813 etiam
1237 4755 1332 4815 rebus
1347 4757 1532 4818 absentibus
1547 4775 1686 4836 quarum
1703 4761 1780 4820 sunt
1799 4753 1910 4820 simili·
2007 4827 2008 4836 ἢ

1123 4830 1268 4903 ,tudines;
1285 4831 1462 4894 intellectus
1476 4839 1585 4896 autem
1599 4837 1849 4916 apprehensivus
1864 4829 1908 4893 est
2008 4870 2009 4886 ι

1126 4909 1357 4972 universalium
1379 4913 1540 4973 rationum
1561 4929 1643 4990 quas
1667 4919 1771 4993 potest
1792 4927 1906 4993 appre‘
2009 4970 2010 4996 ,

1126 4986 1265 5048 bendere
1285 4987 1512 5058 indifferenter,
1527 4994 1559 5052 et
1573 4993 1782 5070 presentibus
1799 4997 1830 5054 ct
1845 4987 1906 5075 abs·

1126 5065 1252 5125 entibus
1283 5067 1512 5148 singularibus.
1528 5069 1567 5128 Et
1580 5072 1658 5147 quia
1677 5075 1768 5132 actus
1785 5067 1899 5149 appeti-

1126 5142 1197 5204 tivae
1218 5143 1344 5206 virtutis
1366 5149 1413 5206 est
1430 5145 1575 5223 quiedam
1597 5147 1762 5210 inclinatio
1782 5149 1820 5211 ad
1843 5156 1903 5204 rem

1126 5219 1247 5297 ipsam,
1281 5221 1454 5283 secundiim
1481 5225 1650 5300 quamdam
1672 5226 1903 5288 similitudinem

1126 5299 1195 5375 ipsa
1219 5300 1389 5376 applicatio
1414 5303 1594 5380 appetitiva
1619 5303 1744 5366 virtutis
1769 5305 1809 5367 ad
1825 5313 1902 5366 rem,

1125 5375 1300 5439 secundum
1320 5377 1407 5458 quod
1431 5381 1461 5442 ei
1481 5381 1613 5443 iuberet
1629 5383 1672 5464 (1)
1686 5426 1694 5457 ,
1710 5383 1823 5462 accipit
1844 5391 1902 5438 no-

1161 5499 1199 5570 (l)
1211 5501 1247 5556 lin
1255 5501 1365 5584 codd-et
1374 5502 1437 5558 editi
1447 5485 1552 5572 passim.
1561 5503 1629 5561 Edit.
1639 5503 1768 5560 Romal]
1777 5503 1902 5583 qiioactit

1123 5573 1265 5656 appetitiva
1278 5582 1375 5626 virtutis
1389 5573 1552 5658 estquedeni
1564 5574 1693 5657 iiicli'iiqtio
1706 5575 1741 5628 ad
1759 5591 1810 5628 reni
1828 5577 1900 5685 ipttssd

1123 5641 1899 5784 :tiltttlttttlltltld‘lttl.ttt‘idltle‘tlla

1124 5782 1157 5834 ad
1168 5797 1230 5848 reni,
1246 5781 1382 5836 secuitdoni
1397 5799 1470 5854 quam
1485 5781 1632 5852 attaliam,
1646 5793 1699 5841 eir.
