4006 6344
292 317 295 324 ,
329 283 382 340 ις9
786 275 914 338 SlililiAE
932 273 1160 336 THEOLOGICAE
1179 277 1283 337 Petite
1299 278 1482 342 SEGUNDAE.
1871 293 1910 352 tn

328 401 397 458 clus
411 410 477 456 non
492 399 566 457 sunt
581 391 710 456 eftectus
724 389 857 472 peceati.
1170 392 1266 456 etlam
1282 402 1488 459 removentur
1498 401 1530 460 et
1543 396 1723 478 hujusmodi
1738 397 1864 478 deiectus,
1873 425 1908 472 re·

367 472 397 535 1.
406 475 573 546 Praeterea,
585 469 828 544 remotdcaust,
837 472 1020 531 removetur
1033 467 1117 531 eiia-
1170 472 1308 534 eundum
1321 475 1400 536 illud
1414 477 1558 555 Apostoli
1572 479 1662 539 Rom.
1675 477 1705 552 8,
1719 481 1751 541 11
1767 501 1775 537 τ
1792 483 1909 562 liniter-

327 551 474 614 etus.Sed
482 555 605 612 remoto
613 551 700 611 omni
709 557 837 629 peccato
846 565 903 626 per
911 549 1113 626 baptismum,
1169 550 1215 614 bit
1228 553 1373 615 mortalia
1391 571 1525 634 corpora
1541 565 1643 617 vestro
1655 573 1714 636 per
1731 558 1909 626 inindttootm

326 631 377 692 rel
390 630 619 709 poenirentiam,
634 645 699 689 non
712 630 919 690 removentur
931 625 1114 706 hujusmodi
1168 630 1324 709 Spiritum
1342 632 1408 712 ejus
1423 635 1460 695 in
1472 634 1570 698 vodis.
1584 635 1644 698 Sed
1660 640 1818 716 utmmque
1831 640 1858 702 tt
1869 661 1910 704 se-

326 707 478 770 deiectus.
493 709 577 788 Ergo
590 724 655 768 non
670 711 747 769 sunt
758 705 889 767 eftectus
901 705 1034 782 peccati.
1168 707 1308 772 cundirm
1323 712 1468 773 ordinem
1488 714 1603 776 divinre
1629 715 1786 792 sapientie
1802 735 1909 798 congruo

364 785 395 847 3.
412 788 585 859 Praeterea,
600 790 767 864 peecatum
783 783 909 846 actuale
929 783 1025 844 babet
1042 783 1113 861 plus
1168 793 1321 866 tempore.
1336 790 1469 868 Oportet
1483 793 1570 853 enim
1582 792 1668 873 qubd
1682 795 1720 856 ad
1733 796 1910 862 immortalita-

324 865 364 926 de
379 867 506 928 ratione
519 865 622 944 eulpae
635 862 732 943 quam
749 863 917 942 originale.
931 859 989 922 Sed
1002 878 1114 940 pecca·
1167 869 1277 928 temet
1292 869 1578 947 impassibilitatem
1593 873 1711 951 gloriar,
1727 891 1792 950 que
1805 877 1831 936 iu
1843 875 1910 938 thri-

323 947 392 1004 tum
410 945 535 1006 actuale
552 959 618 1004 non
632 945 825 1004 transmutat
839 943 988 1002 naturam
1000 957 1114 1018 corpo·
1167 950 1216 1006 sto
1233 945 1383 1010 inchoata
1404 953 1468 1024 est,
1487 954 1521 1010 et
1534 969 1592 1029 per
1607 950 1764 1013 Christum
1776 954 1853 1015 nobis
1868 972 1909 1017 ae-

323 1022 368 1083 ris
382 1021 421 1084 ad
442 1022 584 1100 aliquem
604 1020 771 1084 deiectum.
787 1020 872 1098 Ergo
888 1017 988 1079 multo
1007 1017 1112 1080 mimis
1166 1023 1301 1100 quisita,
1322 1029 1546 1104 perveniamus
1564 1029 1749 1091 conformati
1765 1029 1842 1109 priirs
1853 1051 1910 1110 par-

322 1107 490 1179 peoeatum
511 1100 681 1179 originale.
704 1101 775 1160 Non
797 1115 873 1178 ergo
892 1103 981 1156 'mors
1005 1101 1037 1156 et
1057 1098 1112 1160 alii
1166 1103 1310 1164 sionibus
1328 1105 1408 1184 ejus.
1429 1107 1516 1168 Unde
1530 1113 1656 1185 oportet
1672 1108 1754 1186 qudd
1770 1110 1806 1171 ad
1820 1115 1909 1189 tenpus

323 1179 463 1240 deiectus
482 1179 664 1256 corporales
681 1181 757 1239 sunt
770 1175 900 1239 effeetus
915 1177 1046 1253 peccati.
1166 1179 1235 1259 ejus
1252 1183 1493 1259 passibilitatem
1510 1185 1629 1247 nostris
1644 1187 1821 1265 corporibus
1832 1207 1910 1252 remp.

361 1257 421 1318 Sed
438 1261 550 1320 contra
568 1263 616 1320 est
655 1257 720 1317 uod
739 1256 909 1334 Apostolus
929 1253 1111 1320 dieitllom.
1166 1263 1240 1320 neat
1261 1260 1301 1322 ad
1324 1261 1612 1340 impassibilitatem
1635 1266 1743 1346 gloriae
1763 1284 1910 1346 promereu·
1966 1295 1967 1324 ι

322 1335 353 1410 5,
369 1336 405 1396 11
421 1356 430 1396 ι
447 1336 510 1398 Per
526 1353 624 1396 unam
633 1275 789 1398 iomioem
803 1341 964 1414 peceatum
980 1333 1016 1394 in
1029 1331 1113 1394 bunc
1165 1335 1237 1398 dam
1249 1339 1457 1404 conformiter
1467 1342 1604 1404 Christo.

210 1449 214 1456 .
321 1415 470 1476 mundum
484 1415 627 1484 introvit,
643 1422 671 1474 et
683 1431 741 1494 per
749 1421 910 1492 peecatum
924 1412 1019 1474 mors.
1205 1416 1910 1500 Adtertiumdicendumquddinpeccatoaetuaii

360 1493 547 1578 Respondeo
557 1493 725 1555 dicendum
734 1492 818 1571 quod
829 1491 1113 1569 aliquidesteausa
1164 1492 1407 1573 duepossumus
1416 1500 1630 1574 considerare,
1641 1503 1911 1580 scilieetipsamsub

320 1571 453 1633 alterius
466 1571 635 1651 dupliciter
648 1592 655 1631 :
670 1588 736 1632 uno
750 1571 844 1632 modo
856 1569 984 1648 quidem
998 1587 1110 1647 perse,
1165 1575 1316 1644 stantiam
1327 1575 1435 1650 actius,
1450 1581 1481 1639 et
1499 1579 1657 1642 rationem
1672 1581 1780 1658 culpe.
1792 1581 1834 1640 Ex
1847 1585 1910 1658 parte

196 1679 203 1691 .
320 1651 384 1711 alio
405 1651 499 1712 modo
522 1669 580 1729 per
600 1650 758 1712 accidens.
780 1651 893 1711 Perse
913 1647 1042 1726 quidem
1063 1651 1113 1710 est
1163 1652 1293 1729 quidem
1320 1657 1507 1720 substantie
1537 1657 1629 1720 actvis
1649 1663 1761 1736 ¹potest
1784 1664 1911 1737 peceatum

319 1745 418 1792 causa
433 1729 565 1791 alterius
583 1728 668 1806 quod
690 1727 866 1790 secundum
880 1727 1030 1788 virtutem
1045 1744 1112 1789 sua
1163 1734 1291 1793 actuale
1311 1735 1452 1812 aliquem
1471 1736 1628 1798 deiectum
1648 1737 1836 1814 corporalem
1853 1753 1912 1798 eau-

319 1810 459 1900 naturar,
478 1809 528 1870 vel
550 1807 660 1868 iormae
682 1806 829 1898 producit
845 1803 1010 1897 eiiectrrm3
1026 1807 1111 1867 unde
1164 1825 1247 1884 sare,
1258 1812 1391 1874 sicutex
1402 1815 1565 1892 superiluo
1579 1816 1651 1877 cibo
1668 1815 1768 1894 aliqui
1782 1816 1912 1877 infirmar-

319 1884 718 2028 ittttltldtiit:
733 1883 1111 2042 {tilitallititat
1162 1892 1913 2036 ‘lalnmitilaiivetiti-lilii

319 2043 384 2102 sint
406 2009 521 2120 preter
542 2042 752 2104 intentionem
772 2041 952 2120 peccantis,
973 2041 1111 2104 manile·
1162 1985 1401 2123 {ueneficium
1417 2069 1483 2114 non
1496 1992 1603 2114 anterii
1616 1993 1655 2113 ald
1668 1992 1913 2114 tobielielndumde-

319 2127 403 2211 stum
419 2121 1109 2198 estqubdpeecatumnouestpersecausa
1162 2123 1262 2187 iectus
1292 2130 1495 2208 corporales,
1527 2133 1610 2193 sicut
1638 2130 1833 2210 originalis‘
1867 2129 1914 2190 titia

318 2203 454 2260 istorum
471 2200 662 2262 defectuum.
1161 2204 1341 2268 cohibebat.
1371 2209 1410 2269 Et
1436 2209 1507 2271 ideo
1536 2225 1705 2288 peecatum
1733 2213 1848 2271 aetuae
1869 2225 1914 2268 nou

315 2285 317 2290 ’
357 2279 417 2339 Per
428 2278 575 2340 accidens
590 2282 697 2339 autem
711 2277 831 2355 aliquid
847 2280 894 2339 est
907 2293 1004 2340 eausa
1023 2277 1110 2339 alte-
1161 2289 1273 2346 causat
1287 2285 1470 2366 huJusmodi
1483 2287 1635 2361 deiectus,
1649 2289 1734 2350 sicut
1746 2287 1889 2369 originale.

316 2356 402 2429 rius,
417 2358 443 2418 si
459 2358 501 2418 sit
515 2372 614 2418 eausa
630 2373 799 2418 removens
816 2356 1007 2434 probibens3
1026 2357 1110 2418 siout

316 2433 433 2496 dieitur
453 2435 486 2496 in
505 2434 526 2496 8
540 2435 679 2515 Phyma,
693 2438 772 2496 text.
787 2435 837 2508 32,
851 2433 937 2513 qudd
953 2435 1107 2498 divellens
1161 2405 1340 2498 inplumes
1356 2428 1398 2471 Ἡ·
1419 2444 1458 2455 ’“
1475 2407 1588 2502 Πῖῗύἷη
1603 2427 1687 2470 ”¹⁰⁷⁸
1703 2417 1735 2501 ει.
1746 2408 1801 2470 01Ῐί
1814 2407 1916 2488 d‘s‘dm

316 2513 515 2588 (olumnam,
531 2533 589 2593 per
608 2514 755 2576 accidens
776 2518 882 2575 movet
900 2514 1036 2592 lapidem
1051 2531 1110 2574 co-
1199 2495 1265 2546 m‘
1275 2487 1434 2550 ''musal‘'
1446 2485 1576 2550 '³⁰m‘m·
1589 2523 1624 2532 ”
1638 2487 1687 2568 (²²
1701 2487 1774 2580 αἵδε·
1789 2487 1832 2558 3⁰⁵
1845 2505 1885 2565 iu·
1895 2485 1915 2556 ¹’

315 2591 435 2655 lumnae
447 2593 685 2686 superpositum
697 2612 706 2665 ;
719 2595 751 2654 et
762 2591 824 2654 hoe
835 2592 1108 2670 modopecoatum
1199 2573 1261 2626 m·
1277 2566 1306 2639 ¹²
1323 2585 1421 2646 Μ’
1435 2569 1503 2646 fin..
1519 2575 1546 2627 θ’
1559 2565 1600 2628 “d
1612 2567 1641 2638 1’
1655 2565 1686 2640 3²
1701 2565 1775 2628 Μ·
1790 2565 1833 2636 ¹⁶¹
1845 2564 1914 2645 Μ’

339 2670 410 2732 rimi
430 2676 572 2751 parentis
586 2677 634 2734 est
650 2687 748 2734 causa
762 2671 893 2744 mortis,
911 2674 943 2732 et
962 2672 1107 2732 omnium
1198 2652 1261 2704 ort.
1278 2645 1306 2715 1,
1325 2645 1366 2744 ‘fd
1379 2646 1409 2718 3,
1426 2655 1455 2705 et
1473 2645 1555 2708 Mai·
1571 2664 1624 2801 gu·
1640 2643 1670 2718 ὅ,
1690 2652 1753 2706 ort.
1768 2644 1797 2720 5,
1812 2651 1837 2704 et
1852 2646 1916 2704 lion

314 2689 499 2828 Kujusmodi
512 2750 693 2812 defectuum
712 2751 745 2810 in
765 2748 881 2812 natura
899 2747 1056 2823 bumana,
1073 2752 1106 2810 in
1199 2719 1230 2794 5⁹
1246 2723 1317 2784 ἷκε·
1332 2725 1362 2798 3,
1377 2731 1406 2785 π
1420 2723 1522 2786 Hebr·
1536 2725 1567 2785 9·
1735 2791 1739 2800 .

310 2832 473 2908 quantum
486 2847 545 2907 per
562 2833 728 2907 peecatum
747 2829 841 2907 primi
862 2829 1003 2905 parentis
1024 2830 1107 2890 sub·
1199 2819 1245 2882 Ad
1258 2827 1388 2884 sextum
1400 2823 1446 2884 sie
1459 2823 1655 2902 proceditur.
1671 2822 1703 2883 1.
1719 2821 1844 2885 Videtur
1854 2818 1916 2910 qudi

313 2903 380 2968 lata
397 2911 446 2967 est
459 2907 625 2987 originalis
637 2907 774 2987 justitia,
789 2925 848 2985 per
860 2923 958 2984 quam
973 2922 1037 2966 ιιοιι
1051 2924 1108 2968 so·
1157 2916 1244 2962 mors
1262 2905 1294 2963 et
1312 2901 1495 2980 hujusmodi
1511 2901 1652 2964 deiectus
1670 2901 1737 2962 sint
1752 2899 1860 2962 bornim
1874 2913 1918 2987 oa·

314 2981 381 3045 idm
392 2985 558 3048 interiores
569 2986 778 3050 arrimaevires
790 2987 1038 3047 continebantur
1046 2988 1107 3047 sub
1157 2979 1290 3040 iuratos.
1313 2980 1528 3059 Corruptibile
1550 2981 1636 3042 enim
1657 2983 1691 3041 et
1711 2977 1918 3055 incorruptibile

312 3063 438 3124 ratione
447 3066 570 3142 absque
579 3065 665 3125 omni
677 3064 930 3134 deordinatione,
940 3063 995 3124 sed
1005 3068 1106 3124 lotum
1157 3055 1309 3118 differunt
1322 3077 1459 3137 genere.
1476 3063 1514 3120 ut
1526 3057 1644 3120 dicitur
1659 3058 1694 3119 in
1713 3059 1751 3120 10
1770 3058 1916 3144 Μθῑηῑθξῑ·

313 3158 431 3218 corpus
446 3144 672 3204 continebatur
684 3145 745 3205 sub
758 3140 866 3205 anima
880 3143 1003 3220 absque
1018 3144 1105 3203 omni
1157 3135 1208 3194 26·
1225 3135 1284 3196 Sed
1301 3137 1398 3197 homo
1418 3141 1468 3198 est
1482 3137 1625 3216 ejusdem
1640 3137 1769 3216 generis
1788 3153 1853 3198 cum
1866 3133 1919 3222 airu

312 3217 448 3291 deiectu,
461 3225 499 3280 ut
514 3222 547 3281 in
562 3222 665 3298 primo
680 3222 824 3282 habitum
838 3223 898 3291 est,
909 3238 965 3310 qu.
979 3221 1030 3290 ild,
1041 3225 1103 3282 art.
1156 3214 1364 3287 animalibus,
1378 3233 1452 3293 qum
1463 3220 1540 3277 sunt
1552 3217 1745 3278 naturaliter
1758 3213 1918 3301 corruptibv·

313 3297 343 3356 1.
356 3297 396 3356 Et
408 3298 491 3372 ided,
505 3299 669 3362 subtracti
682 3299 742 3360 hac
753 3298 901 3378 originali
912 3297 1035 3377 justitia
1048 3316 1106 3377 per
1156 3291 1212 3354 lia·
1229 3293 1314 3372 Ergo
1334 3293 1431 3354 homo
1450 3299 1497 3355 est
1515 3295 1708 3356 naturaliter
1722 3291 1916 3370 corruptibilis·

335 3380 480 3437 cocetum
496 3378 591 3455 primi
608 3378 763 3457 parentis,
781 3379 864 3439 sicut
875 3379 1045 3440 vulnerata
1057 3383 1106 3439 est
1196 3369 1226 3430 2·
1238 3373 1405 3446 Praeterea,
1420 3390 1514 3433 omne
1526 3372 1616 3450 quod
1625 3376 1675 3434 est
1687 3373 1880 3450 compositum
1889 3384 1917 3456 ιι

311 3393 454 3517 flumana
469 3459 586 3517 natura
600 3453 757 3533 quantum
772 3456 812 3517 ad
826 3456 965 3518 animam
979 3474 1038 3534 per
1051 3457 1105 3517 oe·
1156 3451 1339 3522 contrariis.
1355 3455 1405 3512 est
1416 3451 1609 3512 naturaliter
1620 3451 1835 3529 corruptibile,
1848 3461 1917 3526 quae

311 3532 546 3596 ordinationem
565 3535 798 3612 potentiarum,
816 3541 852 3594 ut
870 3535 1104 3613 supradictum
1156 3528 1278 3590 habens
1294 3530 1329 3590 iu
1346 3548 1381 3592 se
1401 3546 1533 3591 causam
1554 3529 1777 3608 corruptionis
1791 3545 1859 3590 suae·
1876 3521 1917 3586 Sti

311 3615 370 3683 est,
385 3615 445 3672 art.
459 3629 568 3690 praee,
583 3617 615 3675 et
628 3631 683 3691 qu.
699 3613 749 3686 83,
763 3619 824 3674 art.
840 3611 871 3685 3,
885 3614 929 3674 ita
943 3613 1040 3674 etiam
1056 3618 1104 3674 est
1156 3623 1272 3684 corpus
1295 3607 1473 3670 humanum
1499 3611 1548 3670 est
1571 3607 1769 3688 hujusmodi.
1794 3607 1867 3684 Ergo
1884 3607 1917 3662 est

311 3689 1102 3770 corruptibilisedectaperdcordinationemipsius
1155 3686 1346 3748 naturaliter
1360 3687 1578 3764 corruptibile.
1902 3758 1908 3771 .

309 3768 1103 3912 ventilabiteliminatetetii
1153 3762 1917 3908 ..llli‘tlailtdliblitieitlt

309 3925 430 4002 gratiae.
451 3926 539 3989 Unde
560 3867 657 3989 etiam
673 3893 760 3989 mors
780 3932 812 3989 et
831 3944 942 3988 omnes
962 3926 1101 3990 deiectus
1153 3940 1212 4000 per
1228 3921 1366 3986 calidum
1381 3925 1412 3984 et
1428 3922 1606 3984 humidum·
1622 3921 1704 3985 Cium
1720 3923 1816 4004 igitur
1828 3933 1917 4012 operi·

310 4004 492 4082 corporales
506 4009 738 4084 consequentes
755 4009 830 4067 sunt
843 4006 989 4083 quaedam
1001 4024 1102 4084 poeuen
1152 4001 1256 4062 tiones
1275 4001 1346 4063 vite
1363 4001 1556 4094 expleantur
1568 4019 1626 4080 per
1639 4006 1749 4064 aetum
1762 4002 1866 4065 calens
1877 4009 1917 4054 ul·

309 4081 475 4160 ‹rmginalis
491 4083 674 4160 peccatilit
709 4084 835 4145 uamvis
849 4083 1033 4164 hujusmodi
1044 4085 1102 4145 de·
1153 4080 1285 4154 turalis,
1303 4082 1340 4140 ut
1359 4078 1477 4141 dicitur
1497 4081 1530 4140 in
1550 4079 1625 4143 ide
1641 4080 1778 4152 Anima,
1795 4081 1863 4141 lert
1879 4072 1915 4140 iit,

309 4156 410 4220 lectus
423 4177 488 4220 nou
500 4161 564 4221 sint
574 4161 688 4222 intenti
728 4165 891 4239 peccante,
905 4166 982 4224 ειιιιῖ
993 4165 1100 4224 tamen
1152 4158 1279 4219 videtur
1289 4157 1376 4236 qudd
1389 4175 1475 4220 mors
1489 4163 1520 4222 et
1530 4159 1716 4237 hujusmodi
1730 4159 1860 4221 deiectus
1870 4152 1917 4213 siut

309 4236 446 4299 ordinati
460 4237 636 4300 secundum
648 4239 806 4318 justitiam
822 4239 879 4300 Dei
893 4241 1069 4318 punientis.
1152 4236 1273 4297 bomini
1291 4236 1467 4299 naturales.

348 4315 395 4375 Ad
407 4315 546 4395 primum
560 4333 637 4396 ergo
651 4316 820 4379 dicendum
832 4319 917 4396 qudd
932 4319 1098 4396 equalitas
1192 4316 1221 4375 1.
1235 4315 1295 4376 Sed
1317 4319 1445 4389 eontra,
1466 4313 1621 4394 quidquid
1636 4319 1686 4377 est
1705 4313 1824 4377 homini
1838 4315 1916 4373 natu-

308 4409 414 4458 eausae
432 4412 490 4474 per
507 4413 542 4456 se
557 4399 669 4458 causat
681 4395 837 4474 equalem
853 4395 1010 4457 ellectum.
1025 4398 1101 4458 lu·
1151 4393 1237 4466 rale,
1250 4395 1336 4455 Deus
1350 4394 1383 4454 in
1399 4395 1528 4455 homine
1545 4393 1629 4456 iecit.
1643 4394 1703 4456 Sed
1719 4395 1801 4455 llere
1813 4395 1915 4452 merten

307 4471 468 4552 gmeutati
479 4474 564 4536 enim
576 4470 624 4536 v‘el
637 4471 794 4536 diminuta
805 4473 903 4536 causa
916 4493 972 4554 per
985 4495 1031 4547 se,
1041 4492 1099 4538 au·
1150 4490 1215 4532 non
1226 4473 1311 4554 [ecit.
1322 4476 1359 4533 ut
1368 4473 1484 4534 dicitur
1493 4471 1567 4551 Sap.
1579 4474 1609 4547 1,
1621 4472 1670 4533 13.
1682 4473 1769 4553 Ergo
1779 4487 1857 4533 mors
1867 4481 1915 4528 nor

306 4556 400 4632 getur
419 4554 470 4614 vel
487 4553 676 4615 diminuitur
690 4551 832 4616 eftectus.
852 4553 912 4616 Sed
931 4554 1097 4632 aequalitas
1150 4555 1199 4613 est
1213 4551 1334 4611 bomini
1350 4551 1518 4612 naturalis.

306 4649 412 4695 rause
440 4633 634 4694 removentis
661 4632 836 4710 prohibens
867 4649 936 4694 nou
960 4634 1098 4694 ostendit
1188 4629 1219 4690 2.
1235 4631 1410 4702 Praeterea,
1426 4629 1458 4689 id
1475 4629 1562 4707 quod
1576 4633 1625 4691 est
1644 4627 1821 4694 secundum
1836 4628 1915 4715 nalu-

305 4711 521 4789 mqualitatem
541 4708 731 4782 effectuum
742 4711 769 4772 si
784 4711 857 4788 quis
873 4711 959 4772 enim
979 4714 1096 4789 aequali
1148 4726 1230 4782 ram,
1246 4724 1311 4772 non
1329 4711 1433 4787 polest
1447 4707 1507 4769 dici
1528 4724 1623 4786 poena
1640 4710 1914 4782 pennatumque

305 4789 348 4846 im
370 4791 445 4850 uisu
453 4789 582 4851 divellat
591 4789 671 4851 duas
683 4789 861 4859 columnas,
875 4807 939 4850 non
951 4791 1097 4868 sequitur
1147 4787 1325 4865 unicuique
1345 4787 1391 4848 rei
1406 4791 1453 4848 est
1470 4787 1665 4850 couveniens
1686 4789 1717 4848 id
1736 4787 1820 4865 quod
1839 4783 1864 4844 ci
1878 4779 1913 4840 ott

305 4807 390 4941 qugd
410 4867 530 4944 lapides
546 4867 738 4964 superpositi
753 4867 920 4946 aequaliter
939 4885 1097 4930 movean-
1148 4865 1375 4927 naturale.Sed
1387 4861 1914 4946 morsetbujusmodideiectussuut

305 4949 373 5018 tar3
393 4944 447 5006 sed
466 4944 521 5006 ille
539 4945 681 5007 velocius
700 4947 883 5008 movebitur
896 4947 951 5025 qui
966 4949 1096 5025 gravior
1146 4961 1241 5023 poena
1255 4945 1376 5026 peccati
1391 4944 1620 5024 originalique
1633 4962 1733 5022 supra
1747 4944 1857 5004 dictum
1868 4943 1912 5002 esi,

304 5020 365 5083 crit
377 5019 551 5084 secundivm
567 5025 795 5102 proprietatem
809 5042 876 5088 suaa
892 5029 1026 5096 naturae,
1042 5027 1094 5088 eui
1146 5027 1208 5086 art.
1227 5040 1322 5101 prmo.
1339 5024 1425 5104 Ergo
1444 5039 1510 5084 non
1527 5027 1603 5086 sunt
1620 5023 1745 5084 homiui
1762 5017 1913 5084 naturales.

303 5099 498 5178 relinquitur
524 5107 646 5163 remote
674 5103 876 5180 prohibente.
904 5103 1091 5182 sicigitur,
1184 5098 1913 5182 3.Praeterea,materiaproportionaturiornm

302 5177 425 5241 remota
436 5178 588 5258 originali
599 5179 735 5260 justitia,
747 5187 864 5244 natura
877 5183 1020 5260 eorporis
1034 5183 1093 5243 hu·
1145 5185 1177 5242 et
1213 5181 1339 5242 ueelibet
1352 5199 1403 5242 res
1419 5198 1479 5242 suo
1491 5181 1559 5241 iini.
1575 5181 1663 5242 Finis
1676 5185 1786 5243 autem
1797 5173 1913 5238 homino

302 5256 389 5317 mani
409 5255 522 5319 relicta
544 5260 592 5318 est
612 5259 934 5333 sibi3etseeundi1m
956 5260 1027 5333 boc,
1049 5279 1095 5323 se·
1145 5263 1194 5320 est
1231 5258 1604 5352 eaiitudoperpetua,ut
1620 5275 1659 5320 su
1682 5275 1720 5322 ra
1738 5257 1853 5320 dietum
1867 5256 1912 5318 est,

302 5330 442 5398 eundum
455 5335 671 5397 diversitatem
691 5339 846 5401 naturalis
861 5339 1091 5416 complexionis
1144 5339 1178 5398 in
1192 5355 1325 5416 protem.
1337 5338 1433 5430 hugus
1444 5343 1540 5416 part,
1554 5342 1650 5416 etqu.
1660 5277 1691 5409 g,
1701 5343 1766 5399 art.
1776 5337 1807 5396 8.
1817 5333 1913 5420 Forma

301 5413 515 5492 quorumdam
527 5429 565 5474 co
606 5429 663 5476 ora
673 5415 819 5492 pluribus
832 5417 1005 5478 delentibus
1016 5418 1092 5479 sub·
1144 5417 1239 5479 etiam
1255 5416 1390 5477 humani
1405 5416 1549 5508 corporis
1563 5423 1611 5477 est
1624 5415 1734 5476 anima
1748 5407 1911 5476 redonabo.

298 5489 421 5571 jacent3
435 5508 574 5571 quorum
597 5508 650 5554 am
662 5493 738 5555 verd
747 5496 965 5572 paucioribus,
978 5512 1092 5573 quam·
1143 5512 1216 5574 qum
1232 5498 1281 5556 est
1295 5493 1567 5572 incorruptibilis,
1582 5498 1618 5554 ut
1629 5494 1663 5554 in
1676 5495 1690 5554 1
1706 5493 1848 5556 habiturn
1859 5488 1910 5550 esi.

300 5571 348 5632 vis
365 5571 522 5633 existente
537 5570 686 5650 originali
701 5577 829 5648 peceato
843 5573 970 5651 aequali.
1142 5577 1256 5652 quaest.
1271 5571 1323 5646 75,
1340 5577 1402 5634 art.
1417 5573 1448 5632 d.
1464 5573 1549 5664 Ergo
1562 5589 1678 5652 corpus
1691 5569 1864 5634 humanum
1875 5565 1912 5624 esi

339 5649 385 5709 Ad
400 5650 577 5711 secundum
592 5648 760 5712 dicendum
775 5649 861 5730 qudd
876 5653 968 5731 culpa
985 5652 1091 5733 origi·
1143 5652 1334 5714 naturaliter
1345 5650 1598 5728 incorruptibile.

301 5726 383 5790 ralis
399 5730 430 5790 et
444 5727 579 5792 actualis
593 5731 776 5791 removetur
793 5731 834 5790 ab
852 5729 973 5800 rodem,
990 5729 1007 5792 a
1024 5749 1089 5802 quo
1182 5729 1370 5797 Respondeo
1386 5729 1554 5791 dicendum
1571 5727 1656 5808 qudd
1675 5727 1712 5790 de
1734 5721 1910 5805 unaquaque
