4008 6340
281 355 334 415 m
751 347 882 408 sunum
900 347 1132 410 rrieoeoctce
1151 349 1256 410 euim
1275 352 1455 416 sucinum
1493 341 1495 346 '
1884 357 1950 418 εει

281 465 376 538 extra
384 487 419 533 se
427 467 517 550 poni,
533 463 663 546 quando
676 465 809 545 ponitur
818 463 911 528 extri
921 465 1077 546 cognitio·
1130 468 1290 548 provenit.
1306 469 1512 534 Manifestum
1531 475 1580 536 est
1593 473 1680 536 enim
1697 471 1785 553 qued
1803 477 1949 554 quanto

283 569 359 618 nem
375 551 435 614 sibi
457 547 641 627 propriamc
659 545 711 608 vel
726 547 804 624 quia
822 545 862 608 ad
877 547 1077 623 superiorem
1131 549 1242 627 aliqua
1256 549 1358 612 virtus
1373 547 1529 614 intensicis
1543 553 1644 615 tendit
1657 553 1690 614 in
1706 555 1844 632 aliquid,
1863 555 1951 616 t'or-

282 627 501 700 sublimatur‚
524 625 607 688 sicut
631 627 746 699 homo,
770 621 847 688 uum
870 625 1017 686 elevatur
1037 625 1078 688 ad
1132 626 1195 690 tiis
1206 629 1333 706 repellit
1342 646 1437 694 omne
1450 631 1649 696 contrarium
1661 633 1711 694 vel
1723 652 1946 714 repugnans.

283 705 584 789 comprehendenda
598 704 710 784 aliqua
725 709 993 783 qumsuntsupra
1005 722 1079 766 sen·
1131 703 1211 770 eum
1226 706 1325 786 igitur
1338 725 1430 772 amor
1448 710 1489 770 sit
1505 708 1636 788 quidam
1655 715 1762 776 motus
1781 713 1819 774 in
1835 731 1949 776 ama-

285 808 357 852 eum
379 792 410 850 et
430 787 608 860 rationem,
632 784 749 848 dicitur
773 785 910 847 extasim
933 784 1017 862 pati,
1044 785 1077 846 iu
1132 789 1221 859 tum,
1246 791 1282 846 ut
1306 787 1506 868 Augustinus
1528 788 1604 852 dicit
1633 790 1667 852 in
1689 791 1745 852 iio.
1773 791 1816 853 83
1844 792 1947 868 QQ„

284 873 443 948 quantum
453 865 587 944 ponitur
599 868 692 926 extra
704 864 949 926 connaturalem
963 879 1079 942 appre-
1131 883 1188 944 qu.
1202 864 1241 926 35
1251 866 1342 939 ctae,
1356 867 1502 930 intensus
1518 884 1611 930 amor
1623 871 1739 949 quaerit
1753 871 1948 934 excludere

284 948 475 1010 hensionem
484 945 619 1006 rationis
634 948 666 1006 et
679 941 813 1016 sensum
827 943 877 1004 rel
891 942 970 1021 quia
980 943 1019 1004 ad
1030 943 1079 1004 in·
1132 961 1228 1006 omne
1242 945 1273 1006 id
1282 945 1370 1024 quod
1385 945 1446 1010 sibi
1459 951 1629 1028 repugnat.

284 1027 404 1090 teriora
420 1025 628 1103 deprimitur,
649 1019 729 1104 puta
747 1019 820 1091 ciam
838 1021 955 1100 aliquis
974 1023 1007 1084 in
1023 1021 1080 1084 iu·
1172 1024 1273 1086 Aliter
1290 1028 1399 1088 tamen
1419 1025 1481 1089 hoc
1498 1028 1655 1108 contingit
1672 1028 1703 1091 in
1719 1046 1837 1093 amore
1852 1049 1947 1092 con-

284 1107 369 1170 riam
392 1102 443 1168 vel
468 1103 643 1166 amentiam
668 1103 772 1174 cadit,
799 1101 915 1163 dicitur
940 1103 1078 1164 extasim
1133 1103 1343 1184 cupisceetioe,
1360 1110 1391 1166 et
1405 1105 1499 1168 aliter
1510 1107 1663 1170 inaniore
1676 1109 1840 1172 amicitie.
1852 1111 1946 1172 Nam

284 1203 413 1265 passus.
433 1179 615 1245 Secundum
634 1181 842 1261 appetitivam
859 1180 936 1244 vero
953 1187 1079 1260 partem
1132 1181 1166 1243 in
1181 1198 1292 1244 amore
1307 1185 1578 1263 concupiscentie,
1592 1188 1650 1265 qui
1665 1187 1790 1250 intense
1806 1191 1944 1268 aliquid

285 1262 530 1341 dicituraliquis
543 1261 679 1324 extasim
693 1261 1079 1341 pati,quaudoappetitus
1132 1262 1342 1341 concupiscit,
1357 1269 1627 1328 moveturcontra
1640 1283 1735 1329 omne
1746 1267 1830 1330 illud
1846 1271 1942 1346 quod

286 1342 424 1424 alicujus
443 1342 478 1403 in
498 1341 636 1404 alterum
655 1341 774 1414 fertur,
788 1340 901 1402 exiens
916 1339 1081 1419 quodam·
1131 1345 1293 1420 repugnat
1316 1343 1535 1406 consecutioui
1560 1347 1610 1406 vel
1635 1345 1780 1407 fruitioni
1810 1350 1943 1426 quietae

286 1423 381 1486 modo
395 1425 488 1485 extra
503 1421 657 1499 seipsum.
1133 1419 1202 1499 ejus
1217 1419 1303 1498 quod
1317 1427 1461 1497 amatur,
1474 1428 1506 1484 et
1520 1423 1582 1486 hoe
1594 1424 1689 1486 modo
1703 1427 1763 1486 viri
1776 1426 1943 1488 dictmtur

326 1503 465 1564 Primam
481 1501 610 1580 quidem
623 1497 760 1562 extasim
776 1497 956 1562 tacitamor
969 1497 1082 1578 dispo-
1133 1501 1239 1562 zelare
1262 1518 1403 1577 uxores,
1428 1519 1468 1563 ue
1487 1521 1546 1596 per
1567 1504 1766 1565 consortium
1788 1506 1942 1568 aliorum

287 1579 396 1657 sitive,
418 1581 453 1642 iu
469 1583 628 1720 guantum
640 1578 771 1642 ¹scilicet
787 1577 862 1642 tacit
873 1577 1024 1671 meditari
1041 1577 1080 1642 do
1132 1578 1326 1656 impediatur
1340 1580 1547 1660 singularitas
1561 1600 1659 1661 quam
1674 1584 1706 1644 in
1721 1602 1833 1647 uxore
1849 1605 1942 1664 quae·

285 1663 459 1734 amato,ut
494 1660 593 1721 ictum
607 1662 656 1722 est
668 1662 730 1720 art.
746 1661 999 1736 praec.,mtensa
1014 1673 1082 1720 au·
1132 1659 1500 1732 runt3similiteretiam
1515 1663 1573 1739 qui
1592 1669 1741 1740 quaerunt
1758 1666 1941 1726 excellen-

284 1747 350 1804 tem
363 1738 527 1801 meditatio
543 1738 642 1800 unius
656 1737 815 1800 abstrahit
829 1738 870 1798 ab
887 1737 972 1798 aliis.
1133 1736 1224 1811 tiam,
1238 1742 1409 1802 morentur
1422 1745 1535 1805 contra
1553 1757 1608 1804 eos
1622 1743 1678 1821 qui
1696 1743 1867 1806 excellere
1885 1745 1940 1804 ii-

326 1817 386 1881 Sed
404 1818 579 1880 secundam
593 1816 731 1880 extasim
747 1815 823 1878 iacit
842 1832 935 1878 amor
948 1814 1080 1890 directi,
1132 1815 1267 1891 dentur,
1284 1817 1380 1896 quasi
1399 1817 1609 1898 impedientes
1625 1821 1860 1884 excellentiam
1875 1842 1940 1885 eo-

288 1898 477 1976 nimpliciter
490 1897 620 1975 quidem
635 1911 728 1958 amor
741 1895 898 1962 micitie.
912 1911 1006 1957 amor
1018 1912 1084 1958 au-
1133 1913 1225 1969 rum
1242 1900 1275 1957 et
1286 1893 1347 1958 iste
1360 1901 1411 1960 est
1423 1899 1514 1960 aelus
1528 1898 1666 1972 invidio,
1681 1900 1801 1980 dequo
1814 1901 1940 1965 dicitur

287 1982 352 2044 tem
368 1974 632 2054 concupiscentie
650 1991 718 2036 non
736 1973 940 2052 simpliciter,
956 1975 1012 2036 sed
1027 1991 1083 2038 se-
1134 1975 1168 2036 in
1184 1975 1301 2038 Psalm.
1317 1975 1369 2050 td,
1385 1977 1401 2038 1
1419 1978 1522 2042 :Noti
1535 1979 1677 2042 animi
1693 1979 1729 2042 in
1741 1981 1940 2061 malignus-

287 2052 429 2124 cnuddm
444 2053 534 2132 quic.
552 2055 632 2116 Nam
646 2053 680 2114 in
694 2069 805 2116 amore
821 2053 1082 2133 concupiscentie
1135 2052 1230 2123 tilius,
1254 2072 1350 2134 neque
1370 2056 1521 2119 zelaveris
1545 2059 1693 2138 facientes
1717 2059 1937 2140 inguinem.

286 2133 524 2214 quodammodo
543 2133 645 2195 lentur
674 2149 788 2196 amans
805 2137 899 2196 extra
920 2133 1080 2212 seipsum,
1134 2131 1234 2194 Amor
1248 2140 1356 2196 autem
1370 2137 1515 2199 amicitie
1532 2138 1647 2216 quaerit
1669 2141 1790 2200 bouum
1812 2141 1937 2216 amieig

287 2213 323 2284 in
343 2217 501 2292 quantum
523 2213 646 2275 seilicet
667 2228 733 2273 non
751 2216 920 2274 contentus
941 2214 1081 2292 gaudere
1133 2212 1357 2291 undequando
1370 2217 1586 2289 estintonsus,
1599 2217 1674 2280 iacit
1686 2217 1856 2279 hominem
1870 2236 1937 2280 mo-

286 2293 327 2356 de
340 2296 425 2356 bono
439 2292 525 2371 quod
541 2292 649 2366 hahet,
662 2291 779 2370 quaerit
791 2289 852 2353 trui
866 2291 976 2370 aliquio
989 2297 1083 2356 extra
1133 2293 1202 2354 veri
1218 2296 1331 2356 contra
1349 2311 1445 2357 omne
1466 2293 1543 2356 illud
1562 2295 1649 2374 quod
1667 2315 1702 2358 re
1726 2302 1833 2376 ugnat
1850 2300 1935 2360 bono

278 2391 335 2436 se.
352 2371 411 2435 Sed
426 2372 505 2450 quia
523 2371 602 2433 illud
617 2371 836 2433 extrinsecum
851 2371 971 2434 bonum
986 2387 1083 2451 quee-
1134 2371 1241 2432 amici.
1253 2372 1292 2432 Et
1304 2371 1479 2436 secundum
1490 2374 1551 2438 hoc
1561 2375 1678 2454 aliquis
1693 2315 1811 2438 dicitur
1823 2377 1934 2440 zelare

287 2455 331 2515 rit
343 2451 403 2514 sibi
418 2451 549 2522 habere,
569 2467 633 2512 non
647 2449 715 2512 exit
727 2449 913 2529 simpliciter
929 2461 1021 2514 extra
1034 2470 1080 2526 se,
1134 2467 1195 2528 pro
1205 2451 1320 2524 amico,
1333 2452 1475 2531 quaudo,
1488 2454 1514 2527 si
1526 2471 1598 2532 quac
1608 2455 1771 2528 dicuntur,
1784 2457 1837 2517 vel
1854 2457 1935 2517 liunt

288 2532 344 2594 sed
361 2531 434 2594 talis
449 2529 576 2593 aticctio
591 2530 626 2591 in
640 2528 703 2592 tine
723 2529 808 2592 intra
823 2529 832 2589 i
857 2547 928 2592 sum
943 2531 1082 2593 conclu-
1135 2533 1248 2591 contra
1263 2532 1383 2591 bonum
1398 2531 1505 2606 amici,
1519 2533 1615 2594 homo
1629 2534 1786 2612 repellere
1802 2535 1932 2608 studet3

288 2611 386 2673 ditur.
399 2609 459 2672 Sed
470 2611 504 2670 in
515 2627 625 2672 amore
637 2609 815 2672 amicitiea
840 2614 928 2671 ectus
944 2610 1081 2690 alicujus
1135 2612 1167 2668 ct
1181 2626 1238 2686 por
1252 2609 1338 2670 hunc
1352 2609 1449 2672 etiam
1465 2611 1595 2673 modum
1610 2612 1728 2692 aliquis
1745 2612 1871 2675 dicitur
1886 2634 1934 2676 ze·

287 2689 475 2770 simpliciter
486 2689 556 2752 exit
567 2692 660 2752 extra
674 2706 729 2762 se;
745 2689 823 2767 quia
835 2689 1016 2752 vultamico
1027 2691 1083 2751 bo·
1134 2686 1203 2750 lare
1216 2703 1274 2767 pro
1286 2689 1364 2762 Deo,
1376 2690 1507 2768 quando
1519 2709 1557 2754 oa
1571 2709 1643 2772 quie
1656 2697 1731 2754 sunt
1743 2697 1863 2754 contra
1878 2693 1934 2754 lio·

287 2788 379 2842 num,
390 2773 423 2832 ct
433 2768 833 2848 operaturbonum‚quasi
844 2785 958 2846 gerens
971 2785 1083 2830 euram
1135 2783 1248 2828 norem
1263 2767 1313 2828 vol
1331 2769 1529 2832 voluntatem
1543 2771 1617 2844 Dei,
1632 2771 1788 2849 repellere
1806 2789 1934 2834 secun-

285 2854 321 2912 et
342 2848 576 2928 providentiam
597 2847 698 2926 ipsius
719 2852 852 2926 propter
871 2847 977 2926 ipsum
994 2849 1083 2910 ami-
1135 2842 1210 2906 dum
1224 2863 1318 2924 posse
1334 2849 1676 2924 conatur,secund1lm
1692 2849 1768 2910 illud
1783 2852 1866 2931 lleg.
1885 2853 1932 2921 19,

288 2947 373 2990 curu.
1136 2923 1174 2986 tle
1190 2945 1197 2985 :
1213 2925 1240 2985 Z
1243 2927 1341 2986 elutus
1357 2945 1425 2988 sum
1434 2945 1496 3008 pro
1514 2929 1648 2990 Domino
1667 2929 1886 3000 caeercituum:
1904 2937 1933 2992 ct

327 3007 527 3147 Adgfimum
538 3023 618 3148 ergo
632 3003 802 3098 dicendum
815 3005 902 3085 quod
924 3006 980 3070 illa
999 3007 1082 3070 ratio
1134 3005 1228 3097 ioan.
1246 3004 1277 3078 2,
1293 3023 1390 3098 super
1404 3006 1482 3068 illud
1496 3027 1505 3067 s
1519 3009 1546 3068 Z
1549 3008 1614 3100 etus
1628 3007 1813 3070 demetitum
1830 3029 1934 3071 couce-

287 3105 385 3229 plli
402 3086 580 3228 :tituil
605 3089 775 3255 cilitiis,
800 3162 887 3255 ,aaa
913 3163 970 3228 itia
998 3165 1082 3229 ,aa
1135 3083 1933 3248 ilitertttitzttttliactatiactat

288 3244 433 3324 procedit
448 3244 487 3307 de
506 3260 617 3307 amoro
638 3255 916 3324 concupiscentie,
934 3246 991 3324 qui
1016 3262 1081 3307 non
1135 3240 1183 3303 bet
1202 3261 1306 3321 praec
1325 3261 1393 3324 poce
1417 3245 1544 3313 uiderit,
1569 3245 1725 3325 corrigere
1744 3247 1879 3326 satagit,
1904 3247 1931 3308 si

289 3325 365 3388 iacit
387 3323 575 3404 simpliciter
594 3323 754 3396 extasim,
775 3325 813 3383 ut
836 3322 957 3385 dictum
978 3325 1081 3388 estin
1134 3322 1254 3400 nequit,
1269 3322 1380 3415 tolmai
1394 3332 1422 3384 et
1433 3325 1538 3417 gemit.
1881 3405 1892 3436 ἵ

288 3421 377 3545 ⁶⁰21ch⁸
394 3409 524 3544 {offiium
538 3477 708 3572 dicendum
722 3479 808 3558 quod
826 3480 880 3543 ille
903 3481 959 3560 qui
975 3485 1080 3555 amat,
1135 3399 1640 3558 ibiAlggciiffissmdcerzgelod'iirevlffl
1653 3403 1932 3562 giridqffltsfflessst

289 3563 457 3625 intantum
470 3564 562 3623 extra
573 3564 693 3630 seexrt,
705 3559 907 3638 inquantum
919 3563 1082 3625 vulthona
1135 3575 1234 3620 causa
1249 3561 1476 3632 contentionis,
1491 3579 1556 3626 non
1570 3567 1682 3624 contra
1693 3581 1761 3624 rem
1771 3569 1930 3638 amatam,

288 3642 383 3706 amici
393 3645 455 3706 eto
479 3645 605 3712 eratur3
619 3642 802 3701 nontamen
813 3641 882 3700 uult
893 3641 977 3703 bona
988 3641 1082 3703 amici
1135 3638 1257 3715 sedpro
1269 3657 1303 3702 re
1318 3639 1425 3702 amutal
1439 3647 1551 3704 contra
1566 3641 1793 3719 impedimenta
1811 3643 1929 3721 ipsius.

287 3722 391 3803 magis
404 3659 504 3800 qul'm
517 3735 576 3782 sua
586 3739 594 3794 ;
606 3717 693 3780 unde
702 3735 768 3779 non
779 3719 927 3798 sequitur
938 3717 1026 3799 quod
1035 3721 1083 3782 al·
1174 3717 1221 3778 Ad
1232 3718 1408 3781 secundum
1422 3719 1590 3782 dicendum
1603 3719 1688 3799 quod
1702 3723 1823 3782 bonum
1834 3739 1932 3784 ama-

287 3807 392 3864 terum
408 3801 480 3880 plus
493 3794 594 3877 quam
610 3815 644 3860 se
661 3797 782 3877 diligat.
1134 3799 1201 3868 tur,
1215 3797 1248 3858 in
1263 3801 1421 3875 quantum
1438 3804 1487 3861 est
1503 3799 1770 3862 communicabile
1790 3803 1929 3868 amanti.

265 3875 1082 3959 ·dumcucusrv.—Utnlmzetocsiteffectoromc-
1134 3875 1220 3938 unde
1249 3893 1345 3940 omne
1369 3877 1448 3939 illud
1470 3878 1556 3957 quod
1578 3877 1806 3958 perlectionem
1829 3878 1929 3960 liujus

313 3975 318 3984 ·
374 3958 433 4020 eie.
450 3956 544 4038 (unt.
557 3964 665 4036 quest.
682 3957 732 4026 10,
745 3963 808 4019 ort.
823 3958 853 4030 1,
869 3957 910 4018 od
924 3958 969 4041 ὓ.)
1135 3957 1433 4020 communicationis
1448 3958 1590 4036 impedit,
1608 3957 1744 4020 efficitur
1758 3957 1928 4033 odiosum3
1995 3992 1996 4012 1

328 4037 376 4101 Ad
387 4041 539 4116 quartum
551 4037 598 4098 sic
606 4036 801 4114 proceditur.
812 4038 841 4097 1.
853 4037 986 4100 Videtur
994 4036 1082 4116 quod
1134 4040 1166 4096 ct
1178 4034 1224 4098 sic
1235 4054 1277 4099 ex
1293 4052 1404 4098 amore
1424 4037 1601 4099 bonizotus
1622 4041 1787 4100 causatur.
1802 4035 1852 4098 Ex
1866 4039 1931 4098 de-
1995 4069 1996 4077 κ

289 4117 377 4179 zelus
393 4134 459 4179 non
474 4117 516 4179 sit
528 4113 658 4178 ellectue
673 4115 806 4177 amoris.
825 4115 918 4179 Zelus
934 4117 1019 4179 enim
1033 4123 1082 4180 est
1134 4114 1219 4176 iectu
1232 4118 1340 4176 autem
1353 4117 1502 4179 bonitatis
1513 4117 1670 4196 contingit
1704 4116 1769 4178 uod
1777 4117 1928 4195 quaedam

288 4197 504 4259 contentionis
527 4193 723 4286 principium
744 4215 752 4254 :
770 4194 856 4256 unde
875 4195 991 4257 dieitur
1008 4197 1024 4256 1
1041 4198 1081 4258 ad
1133 4210 1234 4286 parva
1253 4195 1340 4257 bona
1358 4213 1423 4286 non
1440 4200 1577 4274 possunt
1588 4135 1711 4275 integr‘i
1732 4195 1829 4257 simul
1845 4213 1930 4276 pos-

286 4275 433 4338 Corinth.
448 4275 479 4350 3,
493 4275 513 4336 3
529 4295 537 4334 ε
550 4272 630 4336 Cim
642 4274 687 4335 sit
700 4279 851 4336 interme
865 4274 950 4334 zelus
965 4283 994 4335 et
1007 4293 1082 4336 cou-
1134 4273 1230 4334 srdcri
1246 4271 1401 4346 emulus,
1413 4281 1446 4336 et
1459 4293 1500 4336 ex
1514 4292 1625 4336 amore
1645 4275 1759 4338 talium
1770 4281 1928 4338 causatur

289 4356 407 4424 tentio,
429 4360 489 4418 etc.
514 4351 575 4416 Sed
598 4353 761 4414 contentio
784 4357 944 4448 repugnat
965 4356 1078 4416 amori.
1134 4352 1223 4413 zelus
1237 4351 1381 4425 iuvidiam
1395 4371 1459 4414 non
1473 4358 1580 4416 autem
1590 4355 1720 4433 proprie
1733 4372 1774 4416 ex
1788 4352 1839 4416 iris
1852 4373 1927 4434 quae

287 4433 475 4573 Ergorclus
490 4451 556 4496 nou
574 4430 765 4494 esteiicotus
780 4447 911 4493 amoris.
1133 4429 1257 4510 integre
1282 4430 1458 4524 possuntt
1481 4433 1589 4494 multis
1613 4433 1786 4512 possideri;
1815 4435 1927 4498 nullus

350 4515 551 4585 .Preeterea,
570 4510 732 4591 objectum
750 4510 871 4573 amoris
893 4513 943 4574 est
957 4513 1080 4574 bonum
1132 4509 1488 4574 eniminvrdetalteride
1498 4511 1679 4592 cognitione
1688 4513 1843 4584 veritatis,
1877 4531 1927 4577 uae

286 4593 375 4673 quod
392 4601 441 4656 est
453 4589 758 4655 communicativum
772 4588 836 4652 sul.
853 4589 912 4652 Sed
925 4592 1013 4654 zelus
1026 4610 1081 4654 re-
1132 4586 1152 4652 tl
1167 4589 1276 4651 multis
1289 4589 1412 4670 integre
1427 4591 1578 4670 cognosci
1593 4597 1709 4671 potest,
1723 4591 1778 4654 sed
1792 4531 1873 4654 tort}
1888 4593 1926 4655 de

288 4677 412 4754 pugnat
428 4668 727 4742 communicationi,
739 4667 778 4730 ad
792 4670 897 4731 zelum
908 4672 992 4734 enim
1004 4689 1081 4751 per·
1132 4667 1324 4731 excellentia
1335 4669 1420 4732 circa
1432 4671 1645 4751 cognitionem
1659 4671 1767 4751 liujus.

287 4753 392 4814 tinere
405 4751 532 4814 ridetur
546 4747 632 4828 quod
648 4747 721 4826 quis
735 4750 801 4809 noir
814 4750 935 4827 patitur
947 4767 1080 4813 consor·
1171 4747 1531 4810 Adtertiumdicendum
1545 4749 1705 4828 quidhoc
1719 4751 1827 4830 ipsum
1838 4751 1925 4829 quod

287 4833 370 4892 tium
395 4830 431 4892 in
452 4833 579 4901 amato;
609 4828 692 4890 sicut
714 4825 776 4889 viri
799 4828 949 4891 dicuntur
972 4831 1079 4894 zelare
1131 4825 1251 4920 aliquis
1266 4827 1447 4890 odioliabet
1462 4845 1584 4908 eaquae
1600 4834 1782 4910 repugnant
1796 4836 1924 4902 anneto,

287 4927 428 4985 uxores,
466 4925 526 4970 nas
542 4907 658 4968 uolunt
672 4907 791 4970 habere
807 4925 992 4972 communes
1006 4925 1079 4971 cum
1132 4925 1173 4969 ex
1188 4923 1298 4968 amore
1310 4907 1469 5002 procedit3
1485 4909 1571 5002 unde
1584 4909 1673 4971 zelus
1686 4906 1819 5004 proprie
1832 4911 1925 4989 poui-

282 4988 423 5053 caeteris.
438 4927 524 5068 Ergo
536 4986 624 5048 zelus
640 5002 705 5048 nou
720 4991 769 5048 est
781 4983 912 5082 effeetus
925 4989 1055 5084 amoris.
1132 4987 1185 5046 tur
1196 4983 1327 5048 effectus
1339 5002 1458 5050 amoris
1476 5005 1577 5070 magis
1593 4985 1693 5070 quam
1704 4987 1781 5050 odii.

288 5065 1080 5238 „i,iltttiatittltttttitillet}

290 5225 403 5320 thcci
426 5241 521 5305 cuper
544 5241 683 5320 coequos.
705 5223 777 5287 Non
802 5241 880 5318 ergo
901 5225 996 5288 debet
1016 5227 1079 5290 dici
1411 5309 1418 5324 ·
1564 5311 1572 5326 .
1722 5310 1730 5327 ι

286 5301 783 5463 caedecatitae
796 5305 910 5446 ,d
933 5384 1059 5450 a,
1171 5310 1377 5450 Adquic
1392 5307 1923 5452 ,appatvmmp

310 5465 351 5482 ..
485 5463 492 5478 ⁹
774 5403 793 5465 y
849 5403 863 5447 s
901 5405 951 5447 ici
999 5407 1027 5450 c.
1061 5405 1079 5451 e
1131 5406 1223 5454 amor
1236 5408 1263 5483 si
1290 5405 1398 5468 passio
1417 5407 1459 5452 oes
1476 5407 1525 5452 va.
1563 5407 1687 5472 unguor
1700 5407 1786 5483 enim
1800 5407 1884 5470 signi

287 5462 1080 5641 tttticittttsttttltltitmct'iu
1132 5468 1923 5642 titttltttumtlelttsitierit?itt?

287 5634 518 5780 affigam
531 5701 699 5766 dicendum
708 5702 793 5784 qnod
807 5705 907 5776 zelus,
924 5665 1080 5784 quocumss
1132 5626 1921 5788 augggtgmctnoworgcgeg,assggtgstmpcagpgcffoesqxgo

288 5797 353 5861 quc
375 5781 476 5850 niodo,
493 5787 663 5856 sumatur,
687 5801 727 5846 ex
753 5783 933 5850 intensione
960 5787 1078 5848 amoris
1172 5785 1203 5844 2.
1226 5785 1394 5863 Praeterea,
1420 5786 1606 5865 liquefactio
1629 5793 1676 5850 est
1696 5791 1841 5866 quaedam
1862 5801 1919 5846 re-

1132 5107 1311 5172 Axrrcnnus
1324 5127 1356 5172 v.
1370 5145 1408 5156 -
1419 5108 1531 5173 Utrum
1542 5127 1630 5252 {W
1640 5111 1683 5174 sit
1692 5111 1799 5194 passio
1816 5111 1922 5176 testea

1452 5208 1543 5252 eman
1559 5209 1597 5253 er.
