4006 6344
88 269 148 328 'idi
1682 287 1734 344 m

135 383 198 448 Sed
210 379 703 459 corbaestquoddiciturliccli.
713 380 809 454 tuo:
820 378 888 442 nd·
939 380 984 443 lia
994 386 1109 459 preter
1120 386 1267 449 moralia.
1282 385 1394 450 Omnis
1408 388 1493 452 enlm
1509 391 1562 454 lex
1582 411 1657 474 que
1667 397 1733 460 bo-

87 459 885 542 diditillirlcpirdisciplincm,cticpemcitalecre-
939 460 1079 522 minibus
1102 461 1214 536 datur,
1250 470 1298 527 est
1331 467 1483 533 direclira
1515 470 1731 538 bumanorum
1806 485 1809 506 ¹

86 543 212 604 directe
226 561 285 604 cos.
297 539 474 619 Disciplina
487 546 595 602 autem
606 539 744 616 pertinet
757 541 794 602 ad
810 557 885 599 nm-
939 545 1079 600 actuum.
1095 542 1191 603 delus
1205 549 1312 606 autem
1327 544 1459 608 humani
1473 553 1604 612 mordes
1620 554 1733 618 dicun·

86 620 341 684 resediciienlm
349 619 463 681 Glossa
473 615 638 692 ordiu.,ad
649 617 887 696 lieb.12,super
939 619 1006 690 iur,
1023 623 1058 678 ut
1073 637 1172 699 supra
1186 622 1384 695 dictumest,
1399 643 1454 705 qu.
1472 628 1485 688 l
1500 672 1508 700 ,
1524 635 1585 690 art.
1600 629 1630 691 3.
1645 633 1730 714 Ergo

85 697 173 762 iilud
188 721 196 760 r
210 699 318 762 Omnis
331 697 511 778 disciplina.
525 701 584 758 etc.
603 715 609 756 :
625 695 830 776 «Disciplina
842 705 886 758 est
938 697 1063 759 videtur
1087 698 1172 776 qudd
1191 701 1223 760 in
1249 700 1318 781 lege
1338 705 1437 766 veleri
1453 707 1636 772 bominibus
1656 711 1730 778 data

85 780 231 842 eruditi,
252 795 373 840 mmm
397 794 455 857 per
477 774 632 914 disposita.
653 775 767 855 »Ergo
788 777 842 838 lex
864 775 885 840 a
938 791 1003 835 non
1016 775 1153 840 debeant
1161 779 1317 843 contineri
1328 783 1391 844 uisi
1408 792 1565 864 precepta
1578 791 1726 854 moralia.

83 857 159 920 Deo
174 859 249 920 data
263 861 421 936 precepta
434 870 525 916 mora
539 855 570 916 ia
585 853 778 916 continebat.
975 853 1006 914 S.
1034 856 1206 928 Praeterea,
1226 867 1382 938 precepta
1401 880 1474 941 que
1492 863 1643 928 dicuntur
1659 887 1728 931 cre-

131 936 322 1015 despondeo
338 932 506 996 dicendum
519 931 605 1012 qudd
624 933 678 994 lex
691 938 782 995 vetus
802 949 885 994 con·
935 933 1138 1008 remonialia,
1148 936 1298 998 videntur
1311 939 1350 999 ad
1363 940 1506 1004 divinum
1521 944 1642 1006 cultum
1653 967 1727 1025 per·

83 1015 215 1078 tinebat
255 1017 391 1093 recepta
407 1011 553 1091 quedam
580 1011 727 1078 moralia,
748 1015 885 1090 utpatet
935 1010 1048 1073 tinere.
1072 1012 1131 1074 Sed
1148 1014 1276 1078 divinus
1292 1019 1396 1081 cultus
1413 1025 1568 1084 estactus
1585 1025 1724 1097 virtutis.

82 1093 194 1155 Exod.
265 1093 363 1156 :Non
378 1089 614 1154 ecciderrNcn
649 1099 756 1151 errem
777 1091 882 1172 [ecies.
935 1090 1056 1150 scilicet
1073 1093 1255 1230 relipionis,
1274 1113 1365 1174 que,
1385 1103 1421 1160 ut
1442 1101 1567 1162 'lullius
1593 1103 1668 1164 dicit
1691 1105 1725 1168 in

128 1173 171 1234 Et
190 1174 252 1235 boc
273 1170 525 1244 rationabiliter3
546 1185 622 1231 nam
643 1169 727 1230 sicut
749 1168 883 1231 intentio
935 1167 1120 1246 cuilibet,
1154 1173 1198 1232 ib.
1221 1173 1241 1232 2
1261 1174 1299 1236 de
1317 1175 1456 1250 invent,
1474 1179 1631 1258 aliquant.
1650 1187 1727 1245 ante

82 1251 278 1331 principalis
288 1250 368 1332 legis
382 1250 532 1310 humanae
545 1251 594 1309 est
607 1251 643 1308 ul
658 1247 753 1310 iaciat
766 1247 884 1309 amici-
934 1245 1003 1320 lin,
1025 1247 1140 1311 diuinae
1167 1259 1287 1313 notura
1310 1253 1428 1316 cultam
1456 1260 1728 1342 ceremoniamqne

82 1331 343 1392 tiambominum
358 1328 554 1400 adinvicem,
566 1328 610 1388 ita
621 1326 756 1387 intentio
766 1325 882 1390 divinae
934 1325 1037 1405 effert.
1061 1326 1141 1390 Cirm
1161 1328 1259 1408 igitur
1275 1339 1432 1412 precepta
1453 1337 1589 1398 moralia
1603 1339 1667 1400 siut
1685 1341 1725 1402 de

82 1410 171 1488 legis
181 1414 228 1472 est
243 1413 279 1471 ut
294 1408 468 1470 constituat
481 1405 698 1486 principaliter
710 1405 882 1467 amicitiam
933 1405 1056 1466 actibus
1075 1407 1248 1480 virtutum,
1269 1416 1306 1470 ut
1326 1411 1444 1475 dictum
1463 1420 1512 1474 cst
1530 1420 1723 1495 art‘preee„

81 1487 230 1551 bominis
245 1487 285 1550 ad
298 1488 411 1549 Deum.
431 1482 510 1547 Cum
523 1488 630 1546 autem
651 1483 824 1546 similitudo
841 1485 882 1546 sit
932 1483 1058 1544 ridetur
1072 1484 1157 1564 qudd
1168 1495 1326 1568 precepta
1336 1493 1573 1556 ceremonialia
1583 1497 1723 1559 nonsint

81 1568 172 1628 ratio
187 1567 318 1639 amoris,
334 1561 509 1627 secundir'm
525 1561 602 1624 illud
623 1561 720 1624 Eccli.
743 1562 798 1636 13,
820 1563 880 1624 19:
931 1559 1156 1642 distinguenda
1173 1565 1193 1628 d
1207 1569 1394 1630 moralibus.

82 1645 187 1706 Onmc
214 1645 331 1707 animal
354 1643 461 1722 dilipit
480 1641 667 1709 rimilcsibi,
685 1641 881 1720 impossibile
971 1639 1001 1700 3.
1023 1643 1196 1720 Praeterea,
1218 1651 1377 1739 precepta
1394 1651 1629 1714 ceremonialia
1650 1670 1723 1716 esse

79 1731 134 1784 est
151 1742 224 1787 csse
239 1723 412 1786 amicitiam
424 1719 561 1786 bominis
579 1719 618 1782 ad
631 1721 746 1792 Deum,
761 1721 817 1798 qui
832 1723 882 1783 est
931 1718 1080 1812 videntur
1103 1739 1175 1800 quse
1201 1722 1369 1803 figurative
1386 1728 1506 1806 aliquid
1527 1729 1720 1866 significant.

80 1803 240 1879 optimus,
259 1803 320 1864 nisi
336 1801 480 1862 homines
494 1799 673 1861 elliciantur
689 1799 776 1859 boni.
793 1799 880 1861 Unde
931 1795 1002 1870 Sed,
1026 1805 1109 1860 srcut
1131 1802 1330 1880 Augustinus
1354 1805 1429 1867 dicit
1452 1807 1484 1867 in
1510 1808 1530 1867 ἓ
1571 1826 1588 1868 e
1611 1808 1719 1872 Docte.

79 1881 205 1942 dicitur
228 1882 329 1943 Levit.
354 1880 402 1952 19,
421 1878 587 1940 Sesoncti
610 1877 714 1946 erilis,
734 1878 881 1958 qnoniam
931 1876 1055 1952 christ„
1071 1880 1175 1956 capii
1193 1886 1224 1942 et
1241 1879 1271 1954 is,
1285 1881 1378 1943 cerda
1392 1885 1475 1946 inter
1486 1885 1623 1947 domines
1637 1886 1722 1949 obti-

80 1978 139 2038 cpc
156 1968 285 2022 sanctas
299 1979 377 2022 sum.
402 1957 532 2019 Bonitas
551 1960 659 2018 autem
672 1955 809 2018 bominis
831 1961 880 2018 est
930 1965 1067 2017 nnernnt
1077 1959 1517 2044 principctnmsipnificcndi.
1530 1965 1615 2043 Ergo
1629 1967 1721 2030 nulla

79 2039 201 2112 virtus,
225 2056 293 2118 qna
316 2038 394 2120 facit
416 2035 530 2100 donam
552 2033 720 2096 tabentem.
745 2035 784 2095 Et
808 2035 879 2098 ided
930 2036 1104 2096 necessitas
1120 2035 1179 2097 luit
1192 2044 1227 2098 ut
1245 2039 1278 2100 in
1295 2039 1366 2118 lege
1377 2042 1619 2104 continerentur
1634 2061 1721 2122 pree-

78 2107 229 2195 oportuit
244 2119 402 2196 precepta
414 2115 493 2194 legis
508 2112 623 2176 veteris
639 2113 733 2174 ctiam
744 2113 782 2175 de
797 2113 879 2175 acti·
930 2120 1019 2190 cepta
1044 2115 1280 2180 ceremonialia
1299 2118 1337 2179 de
1361 2119 1523 2197 aliquibus
1536 2121 1660 2184 actibus
1675 2123 1721 2185 fl-

79 2197 142 2257 bus
161 2197 317 2259 virtutum
329 2194 415 2269 dari,
431 2200 462 2256 et
477 2193 545 2256 brec
561 2201 636 2253 suut
650 2193 787 2255 moralia
798 2193 877 2274 legis
929 2193 1095 2270 gurativis.

78 2279 255 2354 praeopta,
968 2269 1027 2332 Sed
1044 2275 1155 2334 contra
1171 2273 1317 2351 estquod
1333 2275 1590 2339 diciturDeuter.
1608 2277 1638 2351 lt,
1656 2279 1717 2341 13:

120 2354 171 2413 Ad
183 2355 324 2433 primum
339 2369 416 2431 ergo
432 2350 600 2412 dicendum
617 2349 703 2428 qudd
716 2350 769 2412 lex
784 2354 877 2413 vetus
927 2347 1037 2408 Decem
1056 2349 1157 2419 cerda,
1172 2369 1239 2431 qnoe
1257 2354 1321 2414 scri
1344 2355 1386 2416 sit
1403 2356 1438 2416 in
1460 2355 1580 2418 dandas
1603 2357 1719 2420 tcdnlir

77 2430 293 2513 distinguitur
309 2431 329 2494 d
348 2433 418 2512 lege
430 2434 648 2502 nature,nou
663 2427 818 2507 tanqudm
835 2432 877 2491 ab
927 2425 1069 2506 lapideis,
1087 2429 1222 2510 miltiqnc
1235 2449 1307 2492 man
1330 2433 1395 2494 ecit
1410 2433 1512 2494 inille
1527 2442 1663 2514 tempere
1681 2445 1719 2500 nt

76 2511 117 2574 ed
129 2511 266 2574 omnino
276 2511 395 2583 alicua,
407 2509 462 2571 sed
477 2505 631 2601 tanqudm
643 2508 672 2569 ei
686 2508 807 2586 aliquid
823 2527 877 2570 su·
927 2503 1127 2570 doceremcos
1140 2510 1354 2578 secernamus,-
1366 2519 1394 2572 et
1402 2511 1610 2592 judicieqne
1619 2514 1720 2593 {acere

502 265 636 335 olimst.
657 266 748 325 xctx.
768 266 811 323 tttt
831 263 1028 326 PSAECEPTIS
1048 267 1197 328 intutus
1216 271 1329 332 tattts.

77 2588 461 2668 peraddens.Sicutenirn
532 2588 876 2665 trapreesupponltua·

76 2673 202 2742 turam,
219 2671 262 2732 ita
281 2672 407 2746 oportet
422 2605 586 2805 prioratu
604 2665 713 2728 divina
734 2683 874 2747 pressup·

76 2753 183 2828 ponat
197 2749 300 2828 legem
311 2751 426 2809 natura
440 2765 502 2807 em.
731 2823 738 2838 ·
782 2823 788 2838 ι
815 2823 822 2838 ⁶

116 2827 168 2887 nd
193 2825 369 2889 secundum
390 2823 558 2886 dicendum
577 2823 662 2902 qudd
678 2823 740 2962 legs
760 2823 875 2888 drvrnae

75 2906 278 2967 conveniens
291 2907 360 2966 erat
371 2907 407 2965 ut
421 2919 487 2964 uon
496 2900 602 2966 solirm
616 2903 706 2981 provi
730 2908 798 2964 eret
810 2904 876 2964 bo-

74 2986 159 3046 mini
170 2987 202 3046 in
213 2985 261 3046 bis
276 2983 316 3046 ad
332 2982 494 3062 quaeratis
509 2986 698 3057 nonpntest,
709 2981 762 3042 sed
778 2982 875 3046 ellam

74 3064 108 3125 in
128 3065 180 3124 bis
194 3064 279 3126 eirca
298 3079 371 3140 que
390 3060 546 3140 contingit
562 3060 719 3121 rationem
735 3061 874 3124 bominis

74 3143 239 3220 impediri.
255 3141 345 3202 liatio
356 3143 463 3202 autem
474 3137 612 3200 hominis
624 3139 875 3219 circaprrecepia

74 3218 380 3298 moraliaauantdm
394 3217 432 3280 ad
443 3218 513 3296 ipsa
525 3217 786 3280 communissima
795 3237 875 3297 pre·

75 3304 172 3378 cepta
189 3300 269 3379 legis
285 3303 407 3359 naturae
422 3314 488 3358 uon
499 3300 624 3374 poterat
636 3313 745 3358 errare
758 3297 874 3390 inuui-

74 3376 874 3547 tituta:tiniusttttirtttttitittu

74 3535 136 3597 dis.
153 3535 248 3597 Circa
264 3535 329 3596 alia
349 3532 425 3595 verb
446 3551 549 3611 prece
572 3536 605 3595 ta
625 3534 782 3606 moralia,
800 3552 873 3613 quse

74 3620 154 3675 sunt
179 3613 274 3693 quasi
295 3610 517 3675 conclusiones
545 3550 687 3674 Seductn
714 3630 755 3673 ex
783 3630 873 3674 com-

73 3693 231 3754 munibus
251 3691 416 3770 principiis
440 3690 518 3770 legis
543 3693 680 3762 nature,
696 3691 872 3754 multorum

74 3773 163 3833 ratio
179 3773 361 3842 oberrabat,
372 3770 462 3831 itaut
478 3766 624 3846 quedam
637 3783 708 3842 quen
724 3774 799 3860 sunt
814 3787 873 3861 se-

72 3848 219 3911 cundum
243 3867 278 3910 so
299 3849 396 3922 mala,
420 3848 502 3910 ratio
523 3846 697 3908 multorum
716 3847 804 3910 licrla
815 3867 873 3926 Ju-

72 3929 210 3992 dicaret.
233 3927 321 3990 Unde
337 3925 479 4004 oportuit
495 3930 607 3986 contra
621 3929 794 4004 utrumque
814 3927 872 3988 de-

73 4008 197 4070 lectum
210 4005 332 4067 bomini
348 4003 512 4066 subreniri
525 4021 581 4082 per
588 4003 809 4066 auctoritatem
827 4007 871 4066 le-

72 4087 124 4166 gis
140 4085 276 4154 divinem
296 4084 378 4144 sicut
397 4084 493 4144 eliam
508 4082 591 4143 inter
605 4080 761 4144 credenda
778 4086 870 4146 nobis

73 4168 306 4242 proponuntur
319 4181 384 4224 nou
402 4159 553 4224 soldmea
566 4161 605 4228 ad
624 4177 696 4239 quse
713 4161 795 4222 ratio
815 4170 871 4225 at—

74 4245 203 4322 tingere
225 4259 291 4302 non
311 4239 439 4320 potest(
456 4241 605 4301 uilicum
621 4257 690 4301 esse
703 4242 822 4302 trinum
838 4244 869 4324 i,

72 4321 246 4383 sedetiam
265 4335 303 4382 ea
325 4319 364 4380 ad
388 4336 460 4396 quse
482 4319 564 4380 ratio
587 4321 675 4380 recia
689 4321 792 4396 pertin
816 4340 871 4383 ere

71 4397 238 4479 potest(ut
249 4400 351 4460 Deum
360 4415 429 4459 esse
443 4396 570 4478 uuum),
580 4397 622 4458 ad
636 4339 869 4490 excludenffum

56 4478 212 4541 trationis
229 4478 377 4540 humane
399 4493 560 4552 errorem,
578 4476 635 4554 qui
656 4477 818 4540 accrdebat
836 4479 869 4541 in

72 4558 197 4618 multis.

92 4627 93 4630 '
114 4636 162 4698 Ad
176 4635 305 4699 tertium
317 4632 487 4696 dicendum
501 4631 603 4710 quiid,
619 4632 701 4694 siout
716 4633 871 4713 Augusti-

72 4733 137 4776 nus
150 4713 306 4793 probatin
320 4713 375 4775 lib.
386 4711 425 4774 de
434 4711 554 4790 Spiritu
566 4711 735 4782 etLitterd,
744 4712 867 4791 capit,

72 4795 174 4855 etiam
191 4793 337 4853 litterale
363 4795 387 4852 's
403 4787 560 4869 quautirm
573 4791 612 4852 ad
625 4794 783 4868 precepta
797 4809 870 4852 mo-

52 4879 55 4888 '
72 4871 158 4934 ralia
170 4871 312 4933 occidere
325 4869 343 4930 d
358 4870 442 4930 citur
455 4869 710 4942 occasionaliter,
724 4869 756 4930 in
765 4887 869 4948 quan-

72 4949 280 5012 tumscilieet
299 4949 442 5042 precipit
463 4947 550 5026 quod
573 4949 693 5009 bonum
714 4954 778 5019 est,
802 4966 867 5012 nou

72 5030 221 5108 prebens
235 5027 392 5092 auxilium
428 5027 517 5090 ratim
530 5025 569 5087 ad
585 5027 792 5104 implendum.

72 5110 257 5170 Aarrcuuus
281 5123 328 5167 ur.
341 5136 379 5150 -
423 5105 507 5167 treim
527 5104 579 5167 ies
597 5113 683 5165 cetur
709 5107 868 5168 contineat

111 5193 269 5266 praecepte
287 5184 513 5254 ceremonialia
531 5191 647 5261 preter
666 5185 810 5245 moralia.
829 5219 867 5230 -—

113 5264 220 5417 lit:
233 5261 822 5422 iniciemuscattini:
835 5264 867 5404 {z

112 5421 155 5482 ud
169 5421 235 5495 3,ct
249 5429 357 5501 paesi.
374 5419 442 5493 tot,
454 5427 515 5481 art.
532 5417 680 5490 laem-2,
692 5429 799 5500 quast.
813 5420 864 5491 22,

112 5499 211 5660 atad}
222 5500 333 5640 ,ἶάοᾷ
350 5498 578 5658 εἷ3ᾳιιοίξῠ.)2,
594 5508 655 5561 art.
673 5499 704 5574 3,
720 5517 819 5579 carp..
837 5507 863 5562 et

214 5621 221 5638 .
257 5621 265 5650 ,
336 5622 344 5637 .
400 5621 408 5650 ,
504 5622 511 5637 .

72 5656 865 5818 cititittttitttttlltiiittitntit

927 2583 1086 2646 deberetis.
1105 2585 1162 2646 Sed
1176 2587 1285 2649 decem
1298 2595 1454 2669 precepta
1468 2591 1547 2682 legis
1563 2597 1639 2652 sunt
1651 2610 1720 2656 mo·
1775 2613 1780 2620 ·

926 2663 1719 2746 raliaAErgopraeterprreceptamoralrasuntetlam

927 2742 990 2804 alia
1003 2761 1104 2821 prece
1129 2747 1160 2806 ta
1175 2745 1420 2810 ceremonialia.

965 2821 1092 2899 Respon
1115 2840 1153 2884 eo
1177 2823 1344 2885 dicendum
1363 2824 1464 2904 qudd,
1493 2826 1575 2888 sieut
1598 2826 1717 2891 dietum

926 2906 975 2960 est
991 2905 1052 2961 art.
1062 2919 1171 2978 pree,
1185 2902 1239 2962 lex
1258 2901 1366 2966 divina
1385 2904 1605 2984 principaliter
1621 2905 1717 2968 insti·
1745 2915 1749 2920 '

926 2979 1028 3040 iuiiur
1052 2979 1091 3041 ad
1115 2980 1329 3042 ordinandum
1353 2983 1500 3046 homines
1527 2983 1567 3046 ad
1594 2986 1715 3057 Deum;

925 3056 979 3118 lex
994 3061 1102 3120 antem
1114 3059 1256 3120 humana
1271 3061 1492 3139 principaliter
1504 3061 1544 3124 ad
1559 3063 1712 3126 ordinau-

924 3135 1001 3196 dum
1018 3137 1163 3200 homiues
1177 3137 1215 3199 nd
1229 3139 1376 3200 invicem.
1396 3141 1436 3201 Et
1454 3141 1525 3202 ided
1543 3140 1630 3222 leges
1649 3142 1714 3205 hu-

925 3231 1029 3277 manm
1048 3232 1112 3276 non
1133 3224 1328 3279 curaverunt
1346 3217 1468 3298 aliquid
1488 3220 1657 3283 instituere
1676 3220 1716 3284 de

925 3294 1014 3356 cultu
1031 3293 1151 3366 divino,
1167 3296 1228 3356 nisi
1246 3297 1278 3356 in
1294 3296 1408 3360 ordine
1429 3299 1469 3360 ad
1488 3299 1608 3362 bonum
1630 3316 1716 3361 com·

925 3389 1021 3432 mune
1038 3373 1203 3434 bominum
1219 3395 1226 3433 ε
1240 3382 1271 3435 et
1285 3380 1415 3454 propter
1432 3376 1493 3438 boe
1503 3379 1599 3440 etiam
1612 3378 1714 3444 multa

925 3449 1152 3513 coniunxerunt
1178 3453 1262 3515 circa
1288 3471 1339 3515 res
1368 3454 1515 3528 divinas,
1537 3453 1714 3519 secuudum

924 3528 1009 3606 qudd
1022 3529 1239 3592 videbatureis
1253 3533 1426 3611 expediens
1440 3534 1479 3596 ad
1493 3535 1713 3596 informandos

924 3623 1029 3668 mores
1052 3609 1229 3680 hominum,
1253 3611 1336 3671 sicut
1354 3616 1443 3688 patet
1464 3614 1496 3672 in
1523 3613 1588 3674 ritu
1611 3614 1713 3694 genti·

924 3684 1015 3746 lium.
1036 3687 1096 3746 Sed
1116 3688 1165 3749 lex
1184 3687 1324 3750 divinae
1338 3705 1495 3751 converso
1510 3691 1655 3753 homines
1672 3691 1713 3754 ad

923 3764 1059 3824 invicem
1073 3765 1243 3834 ordinavit,
1258 3766 1434 3828 secuudum
1444 3768 1530 3847 qudd
1540 3769 1713 3832 convenis·

924 3843 978 3902 bal
993 3841 1096 3904 ordini
1110 3845 1166 3920 qui
1182 3849 1232 3906 est
1246 3846 1279 3905 in
1295 3846 1409 3920 ileum,
1427 3865 1523 3924 quem
1543 3847 1714 3928 principa-

923 3919 996 3982 liter
1024 3921 1218 3983 intendebat.
1240 3923 1416 3986 Ordinatur
1436 3930 1543 3988 autem
1560 3927 1657 3988 bomo
1678 3927 1712 3989 in

922 3999 1023 4060 Deum
1039 4016 1102 4059 non
1121 3998 1225 4062 solum
1240 4020 1298 4081 per
1314 4002 1482 4065 interiores
1501 4009 1591 4066 actus
1613 4023 1712 4066 men-

923 4079 975 4149 tis,
995 4079 1050 4156 qui
1073 4084 1148 4140 sunt
1166 4081 1308 4152 credere,
1326 4098 1457 4158 sperare
1474 4088 1507 4144 et
1519 4099 1640 4154 amare,
1656 4085 1711 4145 sed

923 4157 1019 4224 etiarn
1040 4175 1097 4235 per
1115 4160 1260 4235 quadam
1281 4160 1440 4223 exteriora
1462 4177 1573 4240 opera,
1593 4163 1711 4240 quibus

922 4234 1019 4296 bomo
1033 4237 1174 4297 divinam
1188 4239 1372 4299 servitutem
1392 4239 1576 4318 profiteturr
1597 4243 1628 4302 ei
1648 4243 1711 4306 ista

922 4329 1021 4391 opera
1033 4315 1184 4383 dicuntur
1198 4317 1236 4378 ad
1252 4317 1372 4378 cultum
1383 4318 1438 4379 Dei
1452 4321 1631 4396 pertinere3
1653 4322 1710 4398 qui

922 4393 1050 4470 quidem
1066 4395 1170 4455 cultus
1185 4396 1365 4458 ceremonia
1378 4403 1523 4470 vocatur,
1537 4397 1630 4476 quasi
1643 4417 1711 4459 mn-

921 4471 993 4539 nic,
1007 4472 1037 4531 id
1053 4478 1119 4539 est.
1133 4473 1216 4534 dona
1230 4475 1364 4542 Cereris,
1378 4492 1450 4552 quse
1467 4477 1631 4538 dicebatur
1643 4477 1709 4541 Dea

923 4549 1062 4628 lrugum,
1078 4551 1117 4612 ed
1131 4550 1216 4628 qubd
1230 4553 1333 4629 primd
1348 4554 1391 4632 (l)
1407 4554 1607 4632 exirugibus
1620 4555 1710 4617 obla·

923 4628 1025 4688 tiones
1048 4630 1114 4688 Deo
1135 4628 1369 4702 oiicrebnntur;
1394 4631 1473 4704 sive,
1490 4639 1525 4692 ut
1547 4632 1708 4695 Maximus
1755 4687 1762 4700 .

920 4704 1069 4767 Valerius
1087 4707 1198 4778 relect,
1218 4707 1272 4768 tib.
1290 4708 1318 4778 l,
1337 4725 1407 4786 cap.
1424 4711 1453 4773 1.
1471 4727 1559 4773 nunt.
1579 4710 1628 4782 10,
1643 4728 1709 4777 n0-.

921 4801 993 4845 men
1017 4786 1201 4846 ceremonia
1216 4786 1432 4850 introductum
1444 4795 1502 4850 ,esi
1521 4789 1560 4850 ad
1580 4789 1709 4868 signifi-

921 4863 1057 4924 candum
1068 4865 1188 4925 cultum
1199 4863 1437 4944 divinumapud
1448 4867 1709 4946 Latinosaquo·

920 4941 992 5002 dam
1006 4943 1121 5020 oppido
1132 4943 1228 5022 juxta
1240 4946 1389 5016 Romam,
1405 4946 1490 5023 quod
1505 4946 1591 5008 Cere
1607 4964 1705 5010 roca·-

921 5020 1035 5092 batur,
1057 5021 1095 5082 eb
1118 5022 1203 5099 qudd
1224 5022 1325 5085 Roma
1350 5021 1442 5102 eapti
1465 5023 1485 5087 d
1509 5023 1620 5100 Gallis,
1643 5027 1706 5089 illic

920 5115 1012 5160 sacra
1034 5101 1250 5161 Romanorum
1271 5103 1381 5164 oblata
1401 5108 1487 5176 sunl,
1504 5110 1535 5168 ot
1554 5122 1702 5166 reveren-

920 5176 1041 5238 tissime
1053 5177 1173 5239 babila.
1184 5179 1233 5240 Sic
1244 5179 1341 5258 igitur
1352 5181 1405 5242 illa
1419 5187 1577 5261 precepta
1589 5201 1662 5261 aure
1673 5184 1708 5244 in

920 5255 988 5335 lege
1006 5257 1165 5333 pertinent
1178 5258 1216 5318 ad
1233 5259 1353 5320 cultum
1366 5259 1436 5334 Dei,
1454 5262 1635 5340 specialiter
1648 5281 1707 5324 ere·

919 5335 1283 5398 remouialiadicuntur.
1619 5371 1629 5390 κ

934 5467 936 5472 ,
958 5413 1005 5473 Ad
1028 5413 1166 5492 primum
1185 5432 1262 5493 ergo
1280 5416 1447 5478 dicendum
1470 5418 1555 5496 qrrbd
1573 5418 1706 5480 humani

919 5496 1009 5554 actus
1020 5510 1055 5553 se
1065 5491 1347 5556 extenduntetiam
1359 5497 1398 5558 ad
1412 5498 1531 5558 cultum
1542 5497 1705 5565 divisuras

919 5574 950 5630 et
965 5570 1035 5634 ided
1049 5571 1144 5634 etiarn
1154 5570 1192 5632 de
1205 5572 1255 5634 his
1266 5573 1408 5636 continet
1417 5581 1576 5653 precepta
1585 5576 1639 5637 lex
1649 5592 1708 5644 vti*

919 5654 970 5711 tus
985 5649 1170 5720 homiuibus
1184 5650 1269 5714 dala.
1695 5699 1699 5707 ·

958 5749 997 5816 il)
1019 5749 1071 5813 tt,
1100 5751 1193 5822 prima,
1219 5749 1292 5826 item.
1317 5751 1414 5822 prima.
