4004 6346
281 297 332 353 ur
758 295 886 355 sunus
905 253 1132 360 rtrumoctcn
1151 303 1253 362 emm
1274 305 1451 367 secusne.
1486 357 1490 364 .
1683 331 1684 336 κ
1849 323 1893 382 aa

281 407 506 486 tellectualem,
524 411 560 474 ut
580 413 667 490 patet
691 409 756 472 luti
773 411 889 484 utute..
903 429 973 492 cap.
995 415 1067 490 ult,

280 489 366 553 circa
375 489 458 553 med.
471 489 556 572 Ergo
570 491 670 556 virtus
682 491 812 553 moralis
824 509 889 553 uon
904 498 951 554 est
961 493 1068 557 distin·

283 577 334 632 eta
344 570 385 630 ab
400 568 619 630 intellectuali.

320 644 351 709 b.
372 648 544 718 Preterea,
559 647 640 708 nihil
652 645 858 728 distinguitur
872 650 912 710 ab
931 651 1069 728 eoquod

282 726 317 788 ln
331 724 399 804 ejus
418 725 602 788 delinitione
619 728 760 804 ponitur.
783 725 843 788 Sed
857 728 957 790 virtus
975 730 1069 792 intet-

281 801 426 867 lectualis
449 805 581 896 ponitur
599 805 634 866 in
655 803 839 868 delinitione
855 806 983 869 virtutis
998 820 1070 870 mo-

281 883 375 956 ralis;
397 883 473 975 dicit
497 883 582 944 enim
612 883 825 1020 Philosophus
850 885 883 945 ln
904 883 924 944 2
944 885 1066 979 Ethio,

279 960 1069 1130 ibtalbatiani?..ltltttttta‘

279 1119 399 1180 minutd
419 1119 557 1187 ratione,
574 1126 676 1199 prout
700 1135 822 1199 septena
840 1119 1066 1185 determinabit.
1087 1177 1088 1180 ,

252 1197 472 1277 Uniusmodi
500 1201 609 1260 autem
633 1200 720 1260 reeta
739 1197 827 1260 ratio
851 1199 1067 1264 determinans

281 1276 421 1339 medium
435 1273 560 1340 virtutis
573 1276 705 1339 moralis
714 1277 853 1354 pertinet
864 1278 903 1338 ad
916 1279 1068 1341 uirtutem

279 1355 539 1429 intellectualem,
550 1357 586 1416 ut
599 1354 715 1417 dieitur
725 1355 759 1417 in
769 1354 788 1415 6
798 1355 916 1432 Estne,
928 1375 997 1436 cap.
1007 1359 1065 1421 ult.

279 1433 364 1572 11πο
376 1433 478 1572 sirpus
498 1434 630 1496 moralis
643 1451 708 1495 non
727 1433 936 1515 distinguitur
955 1439 996 1500 ab
1009 1439 1067 1499 in-

278 1517 310 1574 te
336 1516 426 1575 cotun
441 1512 462 1574 i.

282 1642 289 1657 .
317 1589 377 1653 Sed
387 1597 498 1666 eontra
510 1590 650 1669 estquod
665 1590 781 1654 dieitur
794 1589 826 1653 in
838 1593 851 1652 l
863 1593 978 1669 utute..
994 1611 1064 1674 cap.

278 1668 355 1741 nlt.,
369 1670 403 1732 in
420 1667 476 1732 tin.
494 1689 502 1729 τ
521 1671 753 1732 Dctcrminutur
777 1671 880 1733 uirtus
902 1673 1067 1734 acciendum

277 1747 487 1828 differentium
507 1747 597 1809 hunc.
623 1749 763 1810 Dicimus
787 1749 866 1811 enim
887 1749 996 1812 hurum
1011 1751 1066 1814 itus

277 1825 399 1906 quidem
415 1845 698 1901 rursuuscnuauns,
713 1825 768 1888 ltus
783 1829 854 1888 ccrd
870 1846 1024 1891 irenaeus.

317 1905 505 1984 Respondeo
519 1904 687 1967 dicendum
700 1905 786 1984 qudd
796 1907 940 1968 omnium
952 1909 1065 1971 huma·

277 2001 393 2048 norum
404 1999 537 2062 operum
549 1984 742 2063 principium
750 1985 889 2062 primum
903 1987 985 2048 ratio
996 1991 1061 2048 est:

278 2065 311 2124 et
337 2079 549 2154 quacumque
576 2062 640 2124 alia
666 2061 825 2142 principia
849 2064 1064 2159 humanorum

276 2145 665 2289 tltllnllltattba
683 2142 1064 2299 titulatura:

274 2299 394 2366 rationi
420 2297 570 2359 obediunt
592 2295 724 2359 omnind
745 2299 785 2359 ad
807 2305 919 2360 nutum
940 2302 1064 2379 absque

276 2377 364 2444 omni
378 2377 640 2447 contradictione,
651 2377 732 2438 sicut
746 2379 890 2454 eorporis
905 2381 1060 2452 membra,

275 2454 303 2516 si
319 2453 437 2518 luerint
452 2455 485 2515 in
505 2455 565 2516 sui
580 2453 697 2517 natura
715 2457 940 2531 consistentla3
954 2459 1061 2519 statim

275 2533 363 2604 enim
386 2533 425 2596 ad
446 2533 615 2610 imperium
636 2533 771 2596 rationis
798 2551 913 2596 manus
932 2540 988 2597 aut
1006 2555 1062 2616 pes

273 2617 422 2674 movetur
437 2611 475 2674 ad
487 2629 580 2690 opus.
596 2611 682 2673 Unde
703 2612 915 2691 Philosophus
938 2613 1012 2676 dicit
1028 2617 1062 2676 in

274 2691 291 2752 1
307 2691 411 2762 Polit,
429 2707 499 2768 cap.
519 2689 549 2762 3,
565 2696 637 2768 post
653 2691 749 2764 med,
767 2690 852 2768 qudd
867 2693 970 2752 anima
983 2695 1063 2771 repit

275 2785 389 2848 corpus
404 2768 562 2848 despotico
573 2768 771 2847 principatu,
786 2769 816 2829 id
831 2775 889 2842 est,
905 2771 988 2832 sicut
999 2772 1064 2831 do-

271 2845 380 2985 ssrinus
404 2865 551 2922 servum,
571 2847 628 2925 qui
652 2846 706 2926 jus
734 2849 970 2909 contradicendi
997 2867 1062 2911 non

296 2927 379 2987 abet.

271 3015 275 3024 ’
312 3002 957 3083 Posueruntquidamigiturqubtlomnia
972 3006 1059 3084 prin-

272 3081 357 3160 cipia
371 3083 475 3146 activa
489 3101 562 3159 quae
578 3088 654 3144 sunt
667 3083 701 3144 in
724 3084 869 3152 homine,
891 3083 953 3146 hec
965 3086 1058 3145 modo

272 3177 307 3222 so
321 3159 442 3223 habent
463 3160 504 3221 ad
520 3161 697 3231 rationem
713 3161 797 3238 quod
812 3162 940 3240 quidem
955 3164 981 3224 si
1005 3181 1062 3225 rc-

270 3254 344 3299 rum
359 3244 454 3312 esset,
464 3239 622 3301 sufficeret
635 3239 720 3316 qudd
734 3241 815 3300 ratio
826 3247 909 3301 esset
923 3241 1061 3320 perlecta

270 3314 312 3382 nd
326 3316 407 3379 bend
420 3318 595 3397 agendum;
611 3318 696 3380 unde
713 3316 784 3380 edm
800 3319 900 3380 virtus
916 3320 957 3381 sit
970 3320 1060 3383 habi·

270 3401 323 3456 tus
340 3413 406 3473 quo
417 3395 602 3538 perficimur
616 3395 655 3458 ad
667 3395 745 3458 bene
755 3397 925 3477 agendum,
941 3417 1061 3475 seque-

269 3477 361 3535 retur
374 3493 419 3554 qu
441 3475 461 3536 d
483 3475 517 3536 in
532 3473 601 3538 solrl
614 3475 738 3536 ratione
753 3484 852 3549 esset;
868 3481 899 3538 et
913 3477 958 3538 sic
970 3477 1059 3539 nulla

270 3552 374 3614 virtus
398 3557 483 3616 esset
504 3554 566 3614 nisi
588 3553 824 3615 intellectualis.
846 3555 885 3615 Et
909 3555 977 3616 baee
1001 3554 1059 3618 luit

269 3631 381 3710 opinio
395 3631 549 3703 Sooratis,
568 3632 623 3710 qui
639 3632 720 3692 dixit
736 3651 837 3693 omnes
854 3632 984 3694 uirtutes
997 3652 1058 3694 csse

266 3709 465 3789 prudentius,
480 3715 515 3771 ut
529 3711 646 3772 dicitur
658 3711 690 3771 in
700 3710 842 3785 astute,
854 3729 882 3773 c.
896 3711 956 3772 ult.
969 3711 1056 3776 Unde

269 3790 411 3867 ponebat
424 3789 508 3867 qudd
524 3790 631 3861 homo,
643 3788 776 3851 scientiis
788 3789 821 3850 in
834 3805 871 3850 eo
886 3791 1055 3864 existente,

268 3883 402 3942 peccare
417 3885 481 3928 non
496 3873 636 3945 poterat3
656 3868 710 3928 sed
729 3868 925 3945 quicumque
937 3885 1057 3946 peeca-

268 3943 341 4018 bat,
362 3949 514 4022 peccabat
529 3952 659 4024 propter
671 3947 894 4024 ignorantiam.
912 3947 981 4006 lloc
994 3963 1057 4008 au-

267 4026 333 4084 tem
346 4025 490 4101 procedit
501 4042 542 4086 cx
553 4025 772 4102 suppositione
780 4023 869 4095 lalsi;
883 4040 957 4102 pars
970 4025 1056 4086 enim

266 4101 444 4178 appetitiva
458 4103 564 4162 obedit
579 4103 697 4163 rationi
713 4119 777 4162 non
792 4101 923 4163 omnind
941 4102 980 4164 ad
996 4121 1056 4164 nu·

267 4181 357 4249 tum,
376 4179 431 4241 sed
456 4197 528 4240 cum
554 4180 663 4258 aliqua
686 4181 945 4242 contradictione.
967 4182 1054 4244 Unde

262 4256 481 4335 Philosophus
504 4257 580 4320 dicit
602 4259 635 4319 in
654 4259 671 4319 1
693 4258 773 4332 Pol,
793 4275 863 4336 cap.
879 4257 908 4329 3,
925 4255 1053 4334 amad,

267 4336 451 4411 quadratio
465 4336 597 4414 imperat
616 4337 794 4430 appetitiva
800 4336 987 4416 principatu
997 4356 1055 4416 po·

267 4410 367 4483 litico,
383 4431 449 4493 quo
464 4409 585 4479 scilicet
599 4415 715 4493 aliquis
730 4421 845 4493 praeest
860 4415 981 4487 liberis,
997 4417 1053 4493 qui

267 4491 389 4555 habent
414 4493 467 4573 jus
496 4494 530 4554 in
557 4495 666 4572 aliquo
692 4491 939 4556 contradicendi.
966 4494 1054 4558 Unde

267 4571 469 4650 Augustinus
485 4573 560 4636 dicit
577 4591 674 4652 super
686 4573 803 4634 Psalm.
825 4571 894 4643 118,
914 4590 1004 4634 conc.
1020 4573 1051 4648 8,

259 4648 351 4713 ¹birca
363 4651 432 4725 nn,
444 4651 528 4731 qudd
544 4650 852 4791 interdumltroecedt't
865 4650 1051 4744 intellectus,

264 4734 295 4788 et
307 4731 448 4808 sequitur
463 4731 571 4791 turdus
583 4739 638 4792 aut
651 4748 694 4791 uu
709 4731 758 4792 ius
772 4729 901 4870 aspectus
909 4749 919 4796 ,·
931 4746 966 4790 ru
981 4735 1053 4791 tau-

255 4809 333 4866 -tum
348 4807 432 4885 qudd
446 4809 640 4886 quandoque
656 4809 797 4886 passioni
819 4826 858 4868 us
873 4808 923 4870 vel
937 4808 1053 4870 habiti-

256 4883 326 4944 -bus
341 4886 521 4962 appetitiva
535 4888 634 4964 partis
645 4887 706 4948 hoc
719 4887 835 4964 agitur,
854 4891 890 4947 ut
902 4903 981 4948 usus
993 4904 1053 4948 ra-

262 4959 362 5022 tionis
374 4963 406 5023 in
419 4965 604 5041 particulari
616 4963 817 5042 impediatur.
830 4959 1051 5026 Etsecuuddm

264 5037 327 5100 hoo
338 5041 522 5119 aliqualiter
535 5059 646 5104 verum
657 5046 706 5104 est
718 5042 802 5120 quod
813 5041 958 5104 Socrates
972 5042 1053 5104 dixit

264 5115 352 5193 qudd
361 5120 492 5182 scientie
500 5130 648 5198 presente
659 5128 895 5198 noupcccuturc
904 5121 931 5181 si
944 5124 1051 5182 tamen

264 5194 333 5256 bec
353 5198 547 5261 extendatur
569 5215 674 5278 usque
687 5199 727 5262 ad
750 5215 844 5260 usum
864 5198 998 5261 rationis
1017 5199 1051 5260 in

254 5273 453 5352 ,particulari
469 5277 509 5338 eli
533 5275 612 5338 ibili.

304 5351 470 5432 sicigitur
491 5295 531 5417 aff
551 5356 612 5418 boc
632 5355 717 5433 qudd
738 5356 834 5416 bomo
856 5353 937 5417 bend
957 5361 1049 5436 agat,

262 5430 442 5509 requiritur
452 5433 537 5511 qudd
552 5451 617 5494 non
633 5431 736 5495 solium
749 5435 831 5496 ratio
844 5435 884 5496 sit
894 5431 973 5496 bend
983 5433 1051 5495 dis-

251 5511 369 5586 ,posita
396 5529 455 5590 per
484 5513 629 5575 habitum
655 5512 780 5574 virtutis
807 5512 1048 5586 intellectualis,

264 5589 318 5648 sed
335 5591 431 5652 etiam
446 5591 532 5668 qudd
547 5592 593 5654 vis
608 5591 779 5667 appetitiva
798 5591 839 5652 sit
852 5589 931 5651 bend
944 5591 1051 5668 dispo-

264 5667 324 5726 sita
337 5687 394 5743 per
408 5670 550 5731 habitum
561 5670 687 5732 virtutis
700 5669 940 5730 moralissimi
953 5670 1051 5761 igitur

266 5747 424 5824 appetitus
447 5748 653 5828 distinguitur
675 5747 695 5812 a
717 5748 859 5824 ratione,
882 5747 926 5811 lta
947 5755 1049 5812 virtus

1123 421 1255 483 moralis
1278 419 1485 504 distinguitur
1508 427 1548 488 ab
1577 427 1791 493 intellectuali.
1816 433 1893 502 Unde

1123 498 1205 560 sicut
1221 501 1380 596 appetitus
1395 507 1444 565 est
1451 504 1650 642 principium
1671 509 1801 572 humani
1814 516 1891 578 actis

1123 577 1297 640 secuudum
1313 581 1374 642 hoc
1385 580 1450 658 qud
1483 585 1652 662 participat
1664 587 1893 666 aliqualiterra-

1122 656 1258 727 tionem,
1277 657 1320 719 ita
1341 659 1469 722 habitus
1488 664 1619 726 moralis
1636 665 1732 727 habet
1750 669 1893 734 rationem

1121 733 1247 796 virtutis
1267 736 1432 815 humane,
1452 739 1485 802 in
1506 749 1664 820 quantum
1683 743 1801 808 rationi
1821 765 1893 810 euu-

1121 810 1288 875 iormatur.
1326 859 1328 864 .

1161 891 1207 954 Ad
1220 895 1357 970 primum
1372 913 1450 977 ergo
1464 897 1633 960 dicendum
1647 900 1732 979 qudd
1751 905 1894 984 Augusti-

1121 986 1182 1031 nus
1207 975 1419 1036 communiter
1435 977 1551 1055 accipit
1565 983 1665 1040 artem
1685 998 1744 1060 pro
1762 981 1894 1060 quilibet

1120 1048 1207 1112 rectd
1219 1052 1360 1128 ratione3
1377 1057 1409 1115 et
1421 1053 1467 1116 sio
1477 1058 1537 1117 sub
1546 1063 1614 1118 arte
1624 1057 1799 1120 includitur
1809 1063 1892 1124 etiam

1120 1126 1300 1204 prudentia,
1316 1149 1388 1208 qnae
1408 1133 1453 1195 ita
1466 1137 1515 1195 est
1536 1142 1621 1214 recta
1633 1137 1715 1200 ratio
1730 1136 1890 1217 cupiditiam,

1120 1207 1203 1300 sieut
1214 1224 1267 1270 ars
1281 1213 1330 1272 est
1343 1220 1428 1272 rectu
1440 1206 1523 1274 ratio
1537 1213 1722 1294 [uctibiiium
1730 1235 1741 1284 ,·
1753 1223 1787 1278 et
1800 1235 1894 1280 seeun-

1119 1283 1194 1345 dum
1209 1285 1270 1349 hoc
1284 1289 1369 1366 quod
1384 1290 1557 1370 dicitquod
1580 1292 1681 1355 uirtus
1699 1302 1745 1356 cst
1757 1312 1812 1355 urs
1824 1297 1893 1358 recti

1119 1363 1261 1434 uiuendi,
1290 1369 1503 1431 essentialiter
1532 1373 1680 1432 convenit
1705 1374 1891 1451 prudentie,

1118 1443 1340 1521 participative
1363 1452 1470 1508 autern
1490 1447 1562 1510 aliis
1590 1449 1783 1526 virtutibus,
1810 1458 1892 1530 prout
1986 1467 1987 1500 ³

1119 1520 1293 1596 secundnm
1303 1524 1504 1600 prudentiam
1517 1527 1709 1606 diriguntur.

1158 1600 1206 1660 Ad
1221 1603 1396 1664 secundum
1410 1604 1578 1666 dicendum
1597 1607 1681 1684 qudd
1699 1609 1780 1670 tales
1796 1607 1893 1670 delini-
1988 1609 1989 1634 l

1118 1677 1275 1755 tiones,d
1299 1683 1556 1762 quibuscumque
1576 1685 1786 1747 inveniantur
1808 1679 1890 1756 dalet,

1118 1765 1346 1834 processerunt
1364 1779 1404 1822 ex
1419 1762 1569 1839 opinione
1586 1763 1765 1836 Socraticis3
1789 1769 1820 1825 et
1830 1769 1894 1826 sunt

1117 1839 1369 1978 {apsquenqaeteo
1387 1840 1561 1919 modoque
1578 1841 1615 1902 de
1635 1847 1704 1904 arte
1717 1843 1893 1920 predictum

1136 1932 1335 1986 s‚1nsou.
1374 1935 1447 1980 raec.

1155 1991 1195 2053 Et
1211 1936 1539 2059 similiterpdiccndum
1552 2003 1600 2060 est
1614 1999 1654 2060 ad
1668 2000 1814 2062 tertium.

1156 2071 1203 2130 Ad
1228 2079 1380 2150 quartum
1398 2076 1565 2137 dicendum
1588 2077 1674 2154 qudd
1693 2087 1780 2138 recte
1802 2079 1892 2145 ratio.

1116 2165 1188 2224 quae
1210 2157 1259 2212 est
1278 2151 1453 2215 secundum
1475 2155 1694 2232 prudentiam,
1713 2158 1847 2236 ponitur
1866 2157 1893 2217 in

1116 2227 1299 2291 delinitione
1322 2232 1447 2294 virtutis
1474 2233 1624 2307 moralis,
1654 2251 1720 2294 non
1746 2233 1894 2313 tauqudm

1115 2322 1190 2384 pars
1208 2311 1353 2372 essentiae
1368 2310 1455 2389 ejus,
1471 2311 1526 2372 sed
1540 2313 1622 2373 sicut
1633 2312 1784 2390 quiddam
1802 2315 1894 2391 parti*

1115 2385 1255 2462 cipetum
1280 2389 1311 2448 in
1334 2390 1482 2450 omuibus
1506 2390 1676 2452 virtutibus
1699 2391 1892 2458 moralibus.

1116 2463 1148 2524 in
1163 2471 1320 2606 qplantum
1334 2467 1502 2546 prudentia
1514 2467 1620 2550 dirigit
1641 2487 1752 2532 omnes
1768 2470 1893 2534 uirtutes

1114 2558 1185 2603 mor
1217 2562 1263 2606 es.

1115 2663 1294 2725 Anarcnnus
1319 2682 1367 2725 nr.
1385 2699 1424 2710 —
1446 2665 1558 2728 Utrum
1585 2666 1777 2749 sufficienter
1801 2668 1895 2730 oirtur

1155 2741 1317 2802 dividatur
1330 2761 1388 2823 per
1408 2743 1553 2806 merulam
1570 2755 1599 2806 ct
1612 2745 1860 2810 intellectualem.

1153 2841 1200 2902 hd
1222 2843 1349 2904 tertium
1363 2835 1409 2905 sic
1423 2845 1614 2922 proceditur.
1627 2846 1656 2907 l.
1672 2845 1808 2908 Videtur
1819 2842 1895 2925 qudd

1113 2917 1215 2981 virtus
1230 2919 1371 2983 humana
1385 2940 1451 2983 non
1467 2923 1662 2986 sufficienter
1673 2924 1895 3004 dividaturper

1115 2996 1265 3059 virtutem
1280 3001 1434 3061 moralem
1445 3005 1476 3063 et
1489 3002 1748 3064 intellectualem.
1760 3005 1895 3064 Pruden-

1114 3077 1158 3138 tia
1176 3077 1262 3138 enim
1281 3079 1407 3139 videtur
1428 3097 1498 3140 esse
1514 3080 1636 3158 aliquid
1655 3081 1797 3142 medium
1819 3083 1895 3143 inter

1113 3155 1262 3216 virtutem
1276 3157 1431 3219 moralem
1447 3163 1479 3218 et
1491 3158 1738 3220 intellectualem
1756 3177 1895 3222 :connu-

1113 3238 1256 3295 meratur
1268 3235 1353 3296 enim
1370 3235 1540 3297 virtutibus
1552 3237 1824 3301 intellectualibus
1834 3241 1865 3300 iu
1877 3237 1894 3296 i

1113 3311 1229 3384 Ethic.,
1244 3329 1315 3391 cap.
1329 3313 1388 3376 3et
1402 3313 1432 3387 5,
1447 3319 1478 3375 et
1489 3315 1585 3377 etiam
1596 3318 1636 3377 ab
1649 3318 1802 3378 omnibus
1815 3335 1895 3378 com·

1112 3391 1252 3452 munitcr
1261 3397 1512 3454 connumeratur
1522 3394 1605 3454 inter
1613 3399 1755 3472 quatuor
1765 3397 1893 3457 virtutes

1112 3468 1302 3542 cardinales,
1319 3487 1390 3548 quae
1407 3476 1483 3532 sunt
1492 3472 1643 3546 morales,
1659 3477 1695 3534 ut
1708 3473 1794 3536 inira
1808 3479 1893 3552 pate-

1112 3546 1168 3619 bit,
1180 3564 1236 3625 qu.
1252 3548 1302 3620 61,
1314 3558 1375 3611 art.
1394 3550 1424 3610 1.
1439 3551 1508 3610 Non
1524 3567 1600 3631 ergo
1611 3551 1809 3613 sufficienler
1819 3553 1894 3613 divi-

1110 3625 1196 3687 ditur
1210 3627 1310 3688 virtus
1333 3645 1391 3706 per
1412 3627 1661 3691 intellectualem
1680 3634 1713 3692 et
1728 3631 1891 3702 moralem,

1109 3704 1192 3765 sicut
1205 3723 1261 3781 per
1275 3705 1469 3768 immediata.

1148 3783 1178 3844 2.
1200 3785 1367 3858 Praeterea,
1384 3785 1582 3848 continentia
1597 3788 1628 3847 et
1643 3787 1890 3864 perseverantia,

1109 3865 1140 3922 el
1154 3862 1248 3923 etiam
1262 3862 1415 3940 patientia
1429 3879 1493 3924 non
1506 3871 1731 3942 computantur
1741 3865 1892 3928 intervir-

1108 3943 1190 4002 tutes
1211 3940 1461 4015 intellectualem
1481 3959 1540 4003 nec
1560 3943 1655 4004 etiam
1670 3949 1748 4004 sunt
1761 3945 1890 4006 virtutes

1107 4019 1257 4094 morales,
1273 4019 1349 4156 guia
1361 4037 1424 4080 non
1440 4023 1550 4081 tenent
1562 4017 1701 4082 medium
1721 4023 1755 4083 in
1767 4023 1890 4102 passio·

1109 4097 1215 4172 nibus,
1237 4115 1271 4158 sc
1311 4099 1476 4159 abundant
1494 4097 1528 4159 ln
1549 4099 1595 4160 eis
1620 4101 1801 4176 passiones.
1825 4100 1891 4161 Non

1106 4175 1394 4314 'etrgolsullltclcntef
1411 4175 1565 4238 dividitur
1578 4177 1680 4239 virtus
1694 4195 1753 4256 per
1765 4179 1892 4241 intelle·

1106 4271 1123 4314 c
1139 4272 1179 4316 ua
1193 4273 1227 4315 es
1242 4273 1259 4315 e
1286 4271 1436 4316 moraes.
1656 4287 1658 4292 ·

1144 4331 1175 4391 3.
1197 4331 1482 4406 Praetereamus,
1501 4350 1573 4411 spes
1593 4338 1625 4395 et
1644 4333 1784 4398 charitas
1800 4349 1892 4414 qua*-

1105 4407 1178 4471 dam
1192 4411 1325 4473 virtutes
1345 4416 1437 4486 sunt,
1454 4429 1519 4473 non
1535 4415 1643 4474 tanuen
1663 4419 1740 4474 sunt
1761 4415 1889 4476 virtutes

1105 4488 1352 4562 intellectualem
1368 4489 1416 4552 hae
1430 4491 1515 4552 enim
1528 4485 1632 4552 sehim
1645 4494 1722 4552 sunt
1736 4493 1888 4570 quinque,

1105 4567 1226 4630 scilicet
1241 4567 1373 4629 scientia
1387 4573 1417 4630 et
1431 4569 1596 4648 supientia,
1612 4567 1799 4640 intellectus,
1814 4587 1889 4648 pru·

1104 4645 1210 4708 dentiu
1223 4650 1254 4708 et
1267 4665 1329 4714 urs,
1345 4646 1508 4709 utdictum
1523 4652 1571 4709 est
1596 4652 1709 4727 quaest.
1724 4647 1776 4721 br,
1790 4653 1845 4710 art.
1855 4645 1887 4720 2,

1103 4723 1123 4784 3
1137 4728 1168 4785 et
1179 4721 1209 4784 h.
1225 4726 1288 4786 Neo
1302 4725 1398 4786 ctiam
1414 4729 1489 4786 sunt
1505 4725 1636 4787 virtutes
1650 4727 1803 4799 morales,
1816 4725 1888 4803 quia

1105 4819 1170 4863 non
1184 4807 1260 4864 sunt
1272 4803 1356 4865 circa
1370 4803 1550 4881 passiones,
1561 4806 1647 4866 eirea
1656 4823 1739 4883 quas
1754 4800 1887 4866 maximd

1104 4886 1152 4942 est
1166 4882 1296 4944 moralis
1307 4883 1420 4943 virtus.
1436 4883 1522 4962 Ergo
1536 4882 1634 4944 virtus
1650 4900 1715 4944 nou
1731 4882 1887 4945 sullieieu-

1103 4965 1152 5021 ter
1164 4961 1316 5022 dividitur
1328 4978 1387 5038 per
1402 4961 1633 5022 intellectuales
1648 4964 1681 5022 et
1692 4961 1839 5023 morales.

1143 5039 1203 5100 Sed
1218 5043 1331 5101 contra
1346 5039 1492 5117 estquod
1515 5038 1727 5116 Philosophus
1740 5033 1886 5102 dicitinil

1102 5116 1296 5195 Ethic.,cap.
1312 5117 1341 5190 l,
1355 5117 1389 5178 in
1404 5117 1519 5196 princ..
1533 5115 1692 5195 duplicem
1704 5135 1776 5180 esse
1790 5117 1884 5180 virtu-

1103 5199 1178 5270 tem,
1192 5197 1276 5258 hano
1293 5195 1422 5274 quidem
1441 5195 1702 5272 intellectualem,
1721 5195 1810 5259 illam
1828 5209 1884 5256 au-

1103 5278 1166 5335 tem
1180 5275 1345 5337 moralem.

1141 5352 1330 5430 nespondeo
1344 5351 1512 5414 dicendum
1551 5350 1613 5412 udd
1628 5351 1729 5415 virtus
1747 5353 1881 5415 humana

1102 5436 1151 5493 est
1174 5432 1304 5509 quidam
1324 5431 1451 5493 habitus
1473 5369 1641 5510 perircieus
1661 5429 1821 5492 hominem
1842 5425 1880 5487 ad

1101 5508 1183 5571 bend
1204 5509 1412 5588 operandum.
1433 5509 1626 5588 Principium
1645 5513 1753 5572 autem
1771 5511 1881 5570 huma-

1102 5605 1218 5650 norum
1236 5595 1365 5650 actuum
1384 5587 1418 5647 iu
1434 5587 1562 5648 homine
1583 5603 1648 5648 nou
1670 5592 1719 5649 est
1738 5587 1798 5649 nisi
1817 5585 1880 5644 du-
1988 5623 1989 5638 .

1101 5669 1188 5744 pler,
1214 5666 1334 5729 scilicet
1350 5665 1529 5726 intellectus
1543 5665 1612 5728 sive
1625 5666 1724 5739 ratio,
1741 5671 1772 5727 et
1784 5679 1878 5749 appe·

1104 5745 1198 5822 titus;
1217 5743 1876 5808 berennasuntduomoventtatnnom·
1988 5801 1989 5830 5
