4004 6346
322 283 379 341 ltl'l.
797 274 926 336 SUHUAE
944 271 1172 332 TllEOLOGlCAE
1192 273 1297 332 anilla
1314 273 1493 334 SECUNDAE.
1871 289 1910 350 up

324 399 402 459 sunt
415 396 544 475 priora,
560 395 644 457 sicut
661 390 847 452 dilierentin
870 371 1034 468 specilieen.
1051 385 1111 448 Sed
1164 387 1204 446 Et
1216 386 1362 448 similiter
1373 389 1407 449 in
1419 388 1602 466 operativis,
1617 390 1672 469 qni
1686 395 1909 470 peceandeaver-

346 491 420 536 cena
438 473 586 553 seqnitur
607 470 658 534 cul
683 485 746 539 arn,
772 468 854 530 sicut
875 465 1005 530 effectus
1028 464 1108 603 effus.
1165 465 1243 526 titur
1264 467 1306 557 ab
1322 467 1435 527 ultimo
1450 467 1526 540 line,
1541 465 1695 546 quantirm
1709 477 1755 532 est
1769 491 1806 536 ex
1819 481 1910 546 natura

324 493 409 634 Ergo
422 555 553 632 peccata
568 567 633 612 non
648 489 799 612 differunt
817 547 922 626 specie
936 560 1034 608 secun
1056 541 1110 604 inn
1163 547 1298 620 peccate,
1315 543 1411 606 habet
1429 545 1556 624 lapsum
1571 545 1810 625 irreparabilem,
1820 557 1846 616 et
1856 555 1908 622 ideo

211 651 214 656 ·
323 640 447 694 reatum
460 647 571 708 poenae,
1162 621 1279 682 dicitur
1298 639 1432 700 peccaro
1453 625 1645 698 mortaliter,
1668 628 1843 692 &terndiiittl'
1859 651 1910 712 pll-

259 757 262 764 .
363 708 550 786 Respondeo
576 705 744 768 dicendum
775 701 864 842 gued
894 716 1111 791 eorumquae
1162 699 1310 762 niendus.
1325 701 1386 775 Qni
1403 703 1479 765 verb
1499 704 1908 780 peccatcitraaversionemi

322 783 772 866 speeiediilerunt,dnplexdl
798 781 1108 842 erenliainvenrtur:
1161 777 1248 850 Deo,
1273 796 1315 840 ex
1341 779 1412 857 ipsa
1433 781 1559 844 ratione
1581 783 1698 859 peccati
1724 789 1909 861 reparabiliter

321 881 389 928 uria
400 865 529 942 quidem
544 881 617 942 qun
629 862 794 924 constituit
809 860 1025 920 diversitatem
1039 874 1111 934 spe·
1161 855 1387 931 deordinatnr,
1410 860 1487 937 quia
1509 859 1652 924 salvatur
1676 862 1866 955 principium:
1886 877 1908 930 n

321 944 456 1011 clerum,
472 950 503 1003 et
516 944 590 1004 talis
605 939 784 1002 dillerentia
803 934 969 1016 nunqnam
986 935 1111 996 inveni·
1162 935 1233 996 ideb
1256 935 1371 996 dicitnr
1388 955 1521 1014 peecare
1540 939 1717 1012 venialiter,
1736 957 1806 1018 quia
1818 942 1909 1008 scilicet

320 1027 376 1083 tur
389 1021 451 1082 nisi
466 1021 499 1082 in
515 1038 529 1080 s
554 1019 683 1083 eciebus
698 1018 845 1091 diversis,
859 1017 942 1078 sicut
956 1013 1112 1076 rationale
1162 1029 1227 1074 non
1243 1012 1287 1076 ita
1303 1021 1429 1092 peccat,
1448 1020 1485 1078 nt
1503 1023 1666 1080 merentur
1678 1017 1907 1086 interminabilem

322 1104 353 1160 et
369 1039 568 1166 derationare,
584 1098 754 1160 onirnotnrn
767 1101 799 1158 et
812 1094 1032 1159 inanimotnm:
1045 1093 1109 1154 alia
1161 1108 1299 1169 poenam.

320 1181 427 1239 antem
436 1176 616 1240 dillerentia
625 1179 882 1252 estconsequcns
895 1171 1109 1234 diversitatem
1201 1169 1248 1230 lid
1262 1171 1402 1250 primurn
1412 1189 1489 1252 ergo
1500 1172 1668 1236 dicendum
1682 1172 1765 1252 qubd
1778 1181 1908 1254 peecatum

321 1255 451 1334 speciei,
465 1271 497 1316 ei
510 1256 583 1318 talis
604 1253 793 1326 differentia,
815 1251 873 1312 etsi
893 1251 926 1312 in
946 1249 1108 1328 aliquibus
1161 1249 1296 1311 mortale
1317 1253 1348 1312 et
1366 1251 1492 1314 veniale
1512 1250 1664 1316 differunt
1677 1253 1711 1314 in
1731 1253 1908 1318 inlinitumer

320 1336 539 1412 consequatur
548 1332 763 1397 diversitatem
779 1329 896 1409 speciei
906 1373 914 1403 ‚
926 1330 961 1391 in
976 1327 1048 1390 aliis
1062 1333 1109 1390 ta·
1160 1332 1253 1404 parte
1262 1329 1453 1403 aversionis,
1465 1347 1530 1392 non
1540 1336 1648 1394 autem
1661 1350 1702 1394 ex
1711 1337 1797 1410 parte
1807 1349 1908 1396 conver·

320 1430 394 1473 men
431 1417 513 1474 otest
525 1411 662 1475 inveniri
677 1413 711 1472 in
723 1407 834 1471 eadem
847 1409 951 1487 specie
970 1405 1032 1487 (1);
1048 1407 1109 1468 sie·
1161 1406 1273 1478 sionis,
1285 1425 1343 1484 per
1353 1424 1450 1486 quam
1460 1409 1591 1487 respicit
1601 1409 1768 1489 objectum,
1777 1411 1849 1472 unde
1856 1431 1908 1492 pec-

319 1495 357 1551 ut
376 1431 479 1552 algon
491 1495 522 1552 et
534 1490 662 1572 niqrnm
682 1489 925 1580 consequuntur
939 1485 1110 1578 diversita-
1160 1488 1267 1546 calum
1281 1485 1419 1578 speciem
1432 1487 1539 1550 babet.
1557 1487 1645 1550 Unde
1658 1487 1737 1550 nibil
1750 1489 1874 1566 probibet
1885 1491 1907 1550 in

319 1576 381 1630 tem
404 1569 519 1647 speciei
543 1569 630 1630 corvi
656 1571 688 1630 et
709 1585 821 1646 cycni,
845 1570 953 1627 lamen
976 1564 1108 1625 inveni·
1160 1559 1270 1623 eadem
1285 1565 1541 1641 specrernveniri
1550 1567 1680 1644 aliquod
1692 1572 1842 1644 peccatum
1851 1585 1909 1628 nor·

318 1654 371 1708 tur
387 1647 570 1727 hujusmodi
586 1645 766 1709 differentia
785 1646 818 1705 in
840 1642 951 1706 eadem
967 1643 1107 1705 bominis
1160 1641 1264 1702 taleni
1277 1643 1413 1716 veniale,
1432 1643 1514 1705 sicut
1525 1645 1647 1722 primus
1661 1649 1763 1707 molus
1776 1645 1806 1706 in
1819 1665 1907 1725 genere

318 1727 436 1805 specie.
1006 1747 1008 1751 ·
1159 1719 1307 1781 adulterii
1333 1725 1381 1783 est
1391 1729 1564 1860 1peccantum
1592 1724 1734 1796 veniale;
1757 1726 1786 1784 et
1805 1725 1907 1786 verbnm

356 1803 533 1867 Dicendum
545 1805 594 1866 est
605 1819 683 1883 ergo
713 1798 1108 1864 ned-differentiaoeniclis
1159 1799 1310 1873 otiosum,
1324 1817 1390 1878 qno
1426 1801 1617 1880 plerumque
1627 1807 1677 1865 est
1691 1802 1818 1878 veniale,
1830 1809 1906 1882 potest

318 1821 710 1960 etmortotispeceative‘i
745 1877 1108 1958 nneumqnealiadillo-
1159 1876 1494 1941 eiiamessemortalc.

319 1964 423 2022 rentia
455 1977 505 2022 un
521 1961 660 2023 sumitur
669 1979 732 2038 pen
783 1963 996 2030 reatnm‚non
1005 1961 1109 2036 potest
1198 1953 1245 2015 dd
1259 1957 1435 2018 secundnm
1448 1957 1617 2020 dicendum
1636 1957 1723 2038 quod
1735 1956 1907 2036 exbocqnbl

319 2057 390 2101 esse
404 1979 583 2102 reiteremus
597 2039 794 2101 constituens
805 2035 1021 2099 diversitatem
1031 2053 1108 2113 spe-
1158 2033 1322 2097 invenitur
1334 2035 1640 2174 aliquodpeccatum
1652 2037 1829 2099 mortaloer
1838 2055 1907 2116 qene

318 2117 390 2179 clei.
405 2115 576 2195 Nunqndm
586 2120 672 2179 enim
683 2117 715 2177 id
728 2115 814 2195 quod
822 2120 937 2193 estper
945 2114 1104 2186 accidens,
1157 2128 1209 2184 re,
1224 2117 1256 2173 et
1275 2113 1384 2191 aliquo
1418 2122 1583 2193 peecatum
1604 2117 1731 2180 veniale
1749 2133 1907 2194 exgenere,

318 2195 484 2258 constituit
496 2196 645 2275 speciem.
661 2196 696 2257 ld
708 2199 815 2256 autem
832 2193 918 2272 quod
931 2196 979 2254 est
991 2198 1106 2271 prester
1158 2191 1305 2267 sequitur
1322 2191 1408 2271 qndd
1427 2194 1500 2256 talis
1528 2193 1710 2257 differentia
1730 2201 1909 2271 consequatur

319 2275 530 2336 intentionem
544 2275 680 2355 agentis,
694 2278 743 2335 est
759 2291 816 2351 per
829 2272 987 2345 accidens,
1002 2275 1039 2332 ut
1050 2287 1106 2350 pa·
1156 2267 1373 2332 diversitatem
1388 2279 1591 2349 peecatorum
1605 2271 1779 2336 secundnm
1791 2272 1907 2350 speciem.

318 2359 364 2414 tet
380 2353 413 2413 in
427 2354 447 2414 2
463 2351 601 2432 Physic,
615 2357 693 2414 text.
708 2351 758 2413 50.
774 2350 978 2413 ldanilcstum
991 2353 1039 2411 est
1047 2367 1106 2412 an·
1158 2364 1223 2408 non
1248 2354 1356 2411 autem
1380 2351 1466 2428 qnbd
1488 2358 1599 2414 causet
1616 2368 1703 2422 eam,
1729 2350 1809 2414 Talis
1829 2355 1908 2412 aubn

318 2438 382 2492 tem
396 2430 480 2510 qudd
496 2449 591 2511 poena
610 2435 784 2510 estproetcr
798 2429 1009 2491 intentionem
1028 2446 1106 2507 pec·
1155 2424 1335 2490 dilierentia
1356 2433 1459 2507 potest
1478 2429 1616 2494 inveniri
1632 2431 1730 2492 etiam
1750 2431 1781 2490 in
1798 2429 1841 2490 bis
1856 2446 1907 2506 qun

317 2511 419 2573 cantis
433 2511 538 2572 :unde
554 2527 612 2604 per
625 2509 772 2574 accidens
787 2526 823 2570 se
837 2507 981 2570 babetad
993 2523 1105 2586 pecca·
1156 2510 1233 2566 sunt
1246 2505 1387 2586 ejusdem
1399 2508 1527 2587 speciei,
1545 2514 1582 2572 nt
1597 2509 1719 2572 dictum
1731 2512 1778 2572 est
1798 2508 1827 2569 in
1844 2523 1907 2584 corp.

263 2618 266 2628 ·
316 2589 659 2668 tumexparterpsins
674 2587 846 2667 peccantis.
1155 2587 1217 2646 art.

356 2666 532 2730 Ordinatur
545 2669 652 2728 tamen
662 2665 701 2730 ad
713 2670 877 2744 peccatum
888 2665 929 2726 ab
939 2663 1103 2738 exteriori,
1198 2661 1246 2722 Ad
1262 2663 1391 2726 tertium
1415 2664 1584 2728 dicendum
1609 2665 1698 2745 qudd
1716 2666 1862 2745 premium
1877 2667 1910 2722 est

317 2745 440 2808 scilicet
452 2764 494 2808 ex
513 2745 637 2825 justitia
651 2745 839 2825 judicantis,
856 2743 912 2821 qui
929 2738 1104 2804 secundum
1155 2739 1194 2802 de
1209 2741 1386 2805 intentione
1412 2746 1564 2806 merentis
1577 2747 1628 2807 vel
1645 2743 1788 2807 virtuose
1800 2742 1909 2823 agentis:

316 2823 461 2886 diversas
471 2825 667 2887 conditiones
699 2827 880 2886 eccatorum
890 2822 1105 2900 diversaspue-
1156 2817 1211 2882 sed
1228 2837 1323 2897 prena
1344 2838 1409 2883 non
1432 2827 1481 2884 est
1502 2825 1541 2885 de
1563 2825 1744 2886 intentione
1765 2819 1909 2902 peccantis,
1966 2863 1967 2902 ,

317 2902 511 2984 nasinlligit.
523 2901 611 2966 Unde
623 2903 653 2966 di
678 2903 800 2965 erentia
814 2919 885 2981 quen
897 2905 945 2964 est
958 2907 1103 2962 errentn
1155 2897 1211 2960 sed
1220 2899 1322 2979 magis
1335 2903 1383 2962 est
1395 2906 1507 2964 contra
1519 2902 1720 2986 voluntatem
1732 2901 1835 2982 ipsius.
1846 2897 1909 2962 Unde
1966 2903 1967 2912 ’

317 2998 438 3058 poenre,
465 2985 568 3060 potest
593 2981 747 3059 consequi
773 2980 933 3042 diversam
962 2979 1102 3058 speeiem
1154 2993 1220 3038 non
1237 2978 1409 3040 estsimilis
1425 2979 1519 3043 ratio.
1882 3053 1887 3066 ι

316 3064 536 3137 peccatorum
553 3064 737 3122 nonautem
754 3057 1105 3140 eonstituitdiversita-
1155 3055 1335 3118 Armenius
1361 3075 1404 3120 vr.
1424 3092 1463 3103 -
1481 3057 1593 3122 verbm
1644 3066 1780 3122 cecoton
1801 3071 1910 3118 coenove

316 3141 411 3198 tems
435 3139 525 3200 eciei.
1194 3133 1294 3227 sionis
1315 3145 1345 3198 et
1366 3136 1541 3200 omissionis
1560 3079 1712 3220 defricant
1727 3131 1908 3218 specte-it

356 3215 394 3276 Di
420 3217 543 3278 erentia
566 3220 675 3279 autem
695 3216 815 3295 peceati
831 3214 963 3279 vendolio
978 3219 1009 3276 et
1021 3231 1101 3275 noor-
1196 3213 1270 3276 dost.
1286 3212 1338 3287 aa,
1350 3233 1403 3295 qn.
1417 3215 1448 3289 2,
1464 3225 1526 3278 ort.
1538 3217 1589 3355 2.AE
1885 3285 1890 3302 .

319 3291 391 3355 tolie
405 3294 613 3372 consequitur
630 3295 844 3356 diversitatem
859 3293 1103 3356 inordinationis
1195 3291 1242 3352 ld
1257 3297 1384 3354 sertum
1401 3295 1448 3357 sic
1469 3313 1565 3374 proce
1588 3298 1666 3357 itnr.
1678 3296 1708 3358 1.
1719 3287 1908 3378 Videtnrqnod

316 3388 389 3450 qun
409 3373 546 3451 complet
559 3373 717 3436 rationem
730 3375 863 3451 peccati.
877 3373 1003 3451 Duplex
1018 3371 1104 3432 enim
1153 3375 1321 3448 peccatum
1337 3374 1570 3436 commissionis
1587 3379 1619 3436 et
1633 3373 1813 3436 omissionis
1831 3384 1908 3448 spone

318 3454 367 3511 est
378 3450 571 3513 inordinatio
587 3471 595 3511 e
609 3468 676 3514 nna
689 3469 747 3530 per
756 3453 1005 3514 subtractionem
1017 3451 1104 3543 prin·
1155 3447 1313 3511 differant.
1327 3449 1479 3514 Delictum
1495 3453 1580 3516 enim
1593 3459 1709 3514 contra
1718 3445 1909 3534 peccotnndi7
1965 3511 1966 3518 χ

315 3529 391 3606 cipli
405 3529 634 3604 ordinis;alia,
675 3530 828 3592 ndetiam
847 3529 1105 3610 salvatopmnci-
1154 3526 1274 3588 viditur
1295 3529 1376 3606 Epir.
1399 3529 1430 3603 2,
1456 3532 1486 3604 1,
1507 3532 1562 3593 ubi
1585 3529 1816 3594 diceionebus
1834 3533 1909 3614 noete
1965 3601 1966 3608 ἵ

243 3611 244 3616 ’
316 3607 371 3686 pio
387 3608 520 3680 ordinis,
537 3609 571 3670 lit
582 3610 637 3670 ino
675 3609 1104 3688 inattooircaenquesum
1154 3607 1271 3668 mortni
1284 3607 1405 3671 delictis
1420 3616 1448 3669 et
1460 3610 1597 3690 peccetis
1615 3610 1748 3680 nestris,
1768 3613 1797 3670 ct
1809 3624 1843 3668 er
1862 3603 1909 3663 omt
1965 3613 1966 3617 ’

316 3691 390 3765 post
432 3687 619 3767 rincipinm3
641 3688 725 3750 sicut
744 3688 777 3748 in
799 3705 932 3767 corpore
954 3685 1102 3749 animalis
1155 3684 1199 3746 ibi
1216 3685 1330 3748 Glossa
1347 3687 1489 3750 interlin.
1509 3708 1517 3748 t
1534 3688 1685 3759 Deliciis,
1711 3689 1744 3751 id
1759 3693 1816 3776 est,
1832 3623 1909 3746 ‹finit-

315 3705 511 3860 quangqque
521 3767 649 3845 quidem
662 3767 855 3860 inordinatio
870 3765 1101 3860 compleuinnis
1155 3763 1247 3825 tendo
1266 3783 1333 3904 issoe·
1338 3765 1501 3845 jubentur,
1518 3777 1546 3830 et
1553 3768 1708 3847 peccatis,
1722 3766 1831 3828 scilieet
1841 3775 1909 3854 nqeu-

314 3844 1103 4003 attiliitttldi‘lttttttlttt!llll
1154 3840 1909 4002 irretardabilitattalttttlitt
1964 3921 1965 4000 ι

315 4001 474 4142 arietet
489 4001 620 4142 vitel
634 3942 1102 4161 letfbutcevaultr
1154 3997 1908 4160 ttonneuenerandumne

468 4123 477 4153 r
871 4125 878 4140 ·
1262 4123 1270 4151 o

316 4162 424 4220 antem
447 4159 543 4219 totins
570 4160 690 4222 ordinis
713 4161 747 4221 in
768 4162 943 4222 moralibus
961 4164 1009 4221 est
1027 4159 1100 4222 finis
1153 4097 1430 4236 diversespoeres.

315 4235 460 4308 ultimus,
476 4238 532 4314 qni
548 4237 592 4300 ita
604 4255 639 4300 se
651 4237 747 4300 babet
765 4238 798 4300 in
820 4238 1004 4317 operativis,
1019 4239 1102 4301 sicut
1191 4233 1221 4296 2.
1244 4237 1411 4310 Praeterea,
1427 4243 1558 4316 peccato
1572 4257 1630 4318 per
1642 4259 1679 4303 se
1691 4237 1832 4302 convenit
1845 4225 1908 4320 quid

313 4313 508 4407 principium
529 4315 811 4380 indemonstrabile
828 4317 861 4378 in
881 4317 1098 4395 speculativis,
1154 4313 1197 4374 sit
1215 4319 1326 4378 contra
1344 4315 1447 4396 legem
1464 4317 1539 4390 Dete
1563 4318 1697 4397 ponitur
1716 4317 1798 4380 ervim
1814 4315 1907 4388 inqu

314 4395 351 4454 ut
364 4393 480 4454 dieitur
493 4393 527 4454 in
538 4393 683 4470 latnie,
699 4409 770 4473 cap.
782 4394 814 4468 8,
827 4396 902 4458 circ.
916 4395 998 4458 med.
1013 4395 1100 4458 Unde
1152 4391 1345 4466 delinitione,
1362 4400 1398 4456 nt
1419 4414 1462 4457 ex
1483 4413 1581 4474 snpra
1602 4397 1695 4460 dictis
1709 4399 1808 4476 patet,
1820 4390 1906 4470 qnest-
1963 4429 1964 4466 ι

313 4472 443 4550 quande
476 4472 584 4536 anime
613 4472 821 4535 deordinatnr
847 4491 906 4552 per
934 4477 1099 4552 peecatum
1150 4467 1201 4541 71,
1215 4475 1276 4532 art
1290 4471 1321 4531 6.
1336 4473 1395 4536 Sed
1410 4473 1442 4534 in
1458 4474 1528 4554 lege
1537 4475 1594 4537 Dei
1612 4476 1678 4540 alia
1693 4479 1769 4537 sunt
1782 4471 1905 4552 precepta
1963 4473 1964 4522 l

312 4568 417 4630 usque
432 4550 472 4614 ed
484 4552 685 4614 aversionem
698 4554 739 4614 ab
754 4553 866 4614 ultimo
882 4552 963 4626 line,
980 4553 1100 4616 scilicet
1121 4619 1130 4632 ⁸
1150 4547 1352 4624 affirmativa,
1368 4556 1479 4614 contra
1497 4571 1570 4631 qnoe
1592 4556 1641 4616 est
1658 4556 1818 4632 peccatum
1833 4545 1906 4608 omis-

312 4629 392 4702 Deo‚
407 4629 458 4692 cui
473 4631 586 4693 unitur
597 4649 656 4710 per
665 4631 864 4704 charitatem,
880 4635 1099 4709 tnncestpec-
1150 4627 1270 4701 sionis;
1288 4633 1320 4689 et
1332 4630 1396 4692 alia
1406 4637 1563 4709 praecepta
1574 4634 1735 4712 negativa,
1747 4631 1907 4704 contraque

312 4711 420 4770 catum
436 4710 588 4784 mortale3
611 4711 741 4788 quando
752 4709 833 4773 verb
852 4709 887 4771 lit
899 4710 1098 4772 deordinatio
1150 4710 1199 4766 est
1216 4711 1381 4784 peccatum
1401 4710 1647 4772 commissionis.
1669 4711 1756 4790 Ergo
1774 4709 1906 4786 peccatum

312 4787 393 4848 citra
411 4789 611 4850 aversionem
631 4785 650 4850 d
669 4788 756 4860 Deo,
775 4793 853 4850 tnnc
871 4793 920 4852 est
932 4791 1098 4866 peccatum
1149 4784 1332 4848 omissionis
1352 4791 1384 4848 et
1399 4793 1564 4866 peccatum
1586 4787 1815 4852 commissionis
1834 4778 1907 4842 dilie-

310 4865 448 4927 veniale.
462 4865 549 4927 Sient
558 4865 643 4926 enim
655 4867 688 4927 in
698 4869 887 4945 corporibus
900 4866 1097 4928 deordinatio
1149 4869 1226 4923 runt
1239 4865 1355 4942 specie.
1962 4901 1963 4930 l

311 4943 445 5016 mortis,
468 4961 542 5021 qun
564 4949 614 5004 est
633 4961 691 5022 per
713 4945 923 5006 remotionem
948 4945 1096 5023 principii
1189 4939 1219 5000 ³.
1241 4943 1412 5018 Praeterea,
1432 4944 1566 5006 emissio
1586 4949 1618 5006 et
1638 4943 1817 5008 commissio
1837 4933 1907 4998 dile-

310 5021 399 5095 vitae,
425 5025 474 5084 est
494 5021 712 5098 irreparabilis
733 5021 908 5084 secundnm
927 5030 1095 5097 naturam,
1148 5024 1236 5092 runt,
1249 5020 1332 5082 sicut
1345 5021 1516 5086 affirmatio
1530 5027 1561 5084 et
1575 5025 1716 5104 negatio.
1729 5022 1786 5084 Sed
1796 5017 1907 5105 affirma·

311 5097 621 5160 inordinatioantem
632 5101 830 5179 egritudinis
839 5103 983 5196 reparari
992 5105 1097 5180 potest
1149 5097 1193 5158 tio
1207 5101 1238 5160 et
1250 5099 1377 5178 negatio
1390 5118 1455 5162 non
1469 5106 1605 5179 possunt
1613 5121 1685 5164 ese
1697 5101 1792 5164 unius
1803 5109 1904 5176 speclei,

310 5183 441 5256 propter
453 5176 483 5237 id
495 5177 580 5254 qnod
592 5179 737 5244 salvatur
748 5181 940 5258 principium
954 5181 1038 5258 vitoe,
1054 5183 1097 5242 si·
1147 5177 1225 5253 qnia
1248 5177 1375 5256 negatio
1393 5195 1460 5240 non
1480 5180 1577 5243 babet
1596 5179 1753 5260 speciem
1769 5193 1830 5240 non
1847 5177 1906 5232 tutu

311 5255 429 5316 militer
445 5259 493 5318 est
506 5257 539 5315 in
554 5256 602 5317 bis
617 5274 690 5334 quoe
703 5259 862 5337 pertinent
874 5259 915 5321 nd
934 5259 1094 5334 animam
1148 5254 1228 5315 enin
1244 5273 1308 5317 non
1329 5264 1403 5317 enni
1419 5259 1544 5336 species,
1563 5277 1659 5397 neque
1680 5254 1864 5340 differentis,
1881 5249 1906 5305 ¹¹1
1961 5327 1962 5332 ἵ

309 5349 385 5396 nam
396 5333 429 5397 in
439 5334 655 5412 speculativis,
664 5337 719 5414 qui
732 5340 819 5399 errat
828 5337 913 5400 circa
924 5338 1093 5416 principia,
1147 5331 1360 5412 Philosophus
1374 5335 1461 5407 dicit,
1475 5338 1531 5399 lib.
1547 5336 1685 5418 bPryn,
1699 5341 1776 5398 text.
1786 5329 1904 5418 67.eq
1961 5359 1962 5426 ἦ

308 5412 574 5508 impersuasibilis
589 5419 655 5488 cst;
675 5415 731 5494 qni
744 5419 851 5478 autem
865 5420 951 5478 errat
963 5417 1094 5479 salvatis
1147 5411 1280 5474 omissio
1292 5417 1323 5474 et
1331 5415 1514 5476 commissio
1528 5433 1594 5478 nen
1605 5419 1742 5498 possunt
1752 5429 1817 5476 esse
1829 5419 1905 5468 unius
1961 5429 1962 5450 ι

307 5492 486 5572 principiis,
500 5509 558 5572 per
567 5491 637 5572 ipsa
647 5494 805 5574 principia
818 5497 963 5560 revocari
978 5499 1092 5574 potest.
1146 5491 1275 5568 speciei.
1436 5551 1437 5554 ,
1809 5563 1837 5580 Η

1186 5567 1245 5630 Sed
1260 5573 1383 5644 contra,
1402 5570 1436 5632 in
1454 5570 1565 5634 eddom
1582 5571 1687 5666 specie
1701 5573 1817 5651 peccati
1830 5575 1906 5656 ιιιιθ-

342 5658 381 5732 (ι)
411 5657 448 5714 ln
472 5672 532 5714 envn
546 5657 607 5714 eod.
634 5659 728 5714 domn.
755 5658 867 5728 ollisque
895 5659 956 5714 elliu
983 5661 1090 5730 passim.
1146 5646 1235 5708 nitur
1251 5649 1382 5710 omissio
1398 5657 1430 5712 et
1446 5651 1640 5716 commissio.
1660 5657 1782 5714 Avarus
1799 5636 1905 5730 cmmet

305 5723 398 5785 ‘iureis
413 5747 472 5788 curn
488 5730 547 5787 eod.
562 5729 670 5786 Terrae.
687 5727 774 5785 :Sura
786 5728 871 5786 eodem
885 5731 977 5800 specie.
1146 5725 1251 5790 aliena
1270 5728 1369 5806 rapit,
1387 5731 1533 5810 quotient
1548 5736 1715 5812 peccatum
1732 5721 1905 5793 oommiiffl'
1960 5767 1961 5770 ι
