4080 6354
132 367 186 428 iis
712 362 847 431 quasi.
866 363 934 420 iiii.
955 363 999 420 os
1017 363 1180 424 cousinio.
1707 381 1757 437 ῃ,

134 477 917 589 velpermoduminstrumenti,namtageiisprin-
970 479 1096 616 sallionis
1124 483 1286 561 aguntur,
1309 501 1378 548 esse
1407 488 1646 568 inquisitionem
1672 513 1756 558 con-

133 560 917 732 ghprhlhfihffisitirglhffpengssailiflzlrlffiugits'siuongoffliunsi‘ils
971 574 997 618 ⁸¹
1010 575 1056 696 ¹A¹il
1070 636 1197 698 tertium
1210 637 1377 704 dicendum
1392 643 1477 723 qubd
1491 650 1622 740 quando
1632 649 1755 730 aliquid

131 719 322 780 consiliatur
337 718 375 778 de
393 717 442 778 his
458 734 531 796 quio
544 719 620 778 sunt
633 715 755 796 agenda
774 730 831 794 per
843 731 916 777 ser·
969 731 1028 790 per
1050 731 1162 807 unum·
1174 721 1278 809 potest
1304 719 1383 796 lieri,
1402 722 1456 784 sed
1480 723 1613 788 diversis
1637 731 1751 804 modis,

131 813 220 857 rum.
991 795 1074 853 otest
1088 793 1317 857 dubitationem
1333 799 1462 874 babere,
1480 803 1562 867 sicut
1576 810 1607 866 et
1622 809 1752 899 quando

131 916 313 1074 Δεὸτὲξυᾳιέἑ
324 911 917 1072 ιᾶᾱὸῑιισιιὲἒᾜῖυᾞῖῑιιιῗΒιξῑὲὗῗᾞέ·
967 871 1753 1085 ἐξιέιῗὲἒέιιεῖἓὲιιῗῑιῃᾞιῖιὲἕὲιῗεεοῗιῦὶῑιιιοὲεῃεῗῃειὲἅεῖῗ

169 1079 277 1152 quest.
293 1071 397 1142 zore.
407 1070 437 1144 li,
448 1080 554 1150 qiioest.
570 1072 600 1146 1,
615 1089 714 1150 corp„
726 1078 754 1130 ει
766 1069 851 1132 Psoi.
864 1069 913 1144 lb,
989 1043 1037 1102 ω’
1053 1032 1130 1090 “¹¹¹⁰
1144 1047 1208 1090 '¹⁰¹¹
1222 1036 1270 1092 θεῖ
1284 1049 1364 1111 ⁰P¹¹⁸
1383 1037 1528 1098 ⁰⁰fl55150·

171 1161 201 1211 θ’
217 1149 368 1218 wama
382 1148 453 1211 Μ·
466 1147 512 1230 Ἷ·)
968 1146 1146 1209 lensenses
1168 1167 1198 1211 v.
1221 1185 1259 1194 -
1285 1151 1398 1216 Utri'im
1418 1157 1585 1219 consitium
1599 1162 1753 1240 procedas

169 1269 215 1330 sd
224 1273 375 1346 quartum
388 1269 435 1328 sio
446 1267 637 1345 proceditur.
648 1267 676 1330 ι.
687 1267 815 1329 Videtur
829 1266 913 1344 quod
1194 1228 1304 1290 παίω
1319 1233 1519 1298 mmmm

125 1347 297 1408 consilium
319 1348 360 1408 sit
377 1346 415 1406 ile
430 1347 579 1407 omnibus
599 1363 671 1424 quse
688 1351 763 1406 suot
781 1363 839 1424 per
855 1362 913 1408 nos
1005 1343 1209 1422 Adquintum
1221 1347 1266 1410 sic
1277 1352 1469 1427 proceditur.
1483 1356 1510 1415 1.
1521 1357 1749 1438 videturqubd

126 1427 253 1504 agenda
268 1423 323 1506 (ι).
338 1423 457 1485 Electio
481 1423 566 1485 enini
585 1429 633 1485 est
654 1423 810 1503 appetitus
829 1440 914 1504 proe-
965 1421 1135 1483 consilium
1163 1443 1226 1488 non
1249 1430 1399 1504 procedat
1419 1433 1513 1494 modo
1543 1437 1747 1500 resolutorio.

125 1502 299 1568 consiliati,
317 1508 352 1562 ut
367 1501 483 1564 dictum
508 1505 557 1564 est
576 1507 637 1564 art.
653 1504 669 1562 i
686 1503 781 1580 hujus
798 1507 911 1580 quaesi.
964 1497 1139 1562 Consilium
1151 1505 1236 1564 enim
1248 1511 1296 1567 est
1310 1507 1347 1569 de
1360 1509 1409 1569 his
1422 1529 1494 1588 quie
1508 1512 1528 1578 l
1541 1515 1633 1576 nobis
1647 1531 1750 1595 aguns

123 1581 186 1642 Sed
197 1581 309 1642 electio
320 1580 415 1642 estde
427 1580 574 1642 omnibus
588 1596 659 1660 quio
674 1599 730 1660 pcr
743 1597 800 1642 iios
811 1597 913 1660 agun-
966 1582 1028 1639 tur.
1046 1577 1106 1640 Sed
1128 1583 1330 1658 operationes
1350 1591 1467 1650 nostem
1485 1608 1549 1652 non
1574 1595 1749 1671 procedunt

123 1665 190 1720 tur.
205 1659 290 1738 Ergo
306 1662 337 1720 et
351 1658 532 1720 consilium.
965 1655 1058 1716 modo
1075 1660 1279 1736 resolutorio,
1295 1663 1349 1724 sed
1363 1669 1464 1745 magis
1476 1670 1569 1730 modo
1591 1674 1748 1750 composi-

164 1735 195 1796 2.
216 1738 391 1808 Praeterea,
410 1737 580 1798 consilium
602 1738 753 1816 importat
776 1737 912 1814 inquisi·
963 1735 1045 1806 tivo,
1067 1737 1187 1797 scilicet
1210 1739 1247 1801 de
1271 1741 1469 1820 simplicibus
1482 1747 1534 1809 ·ad
1559 1752 1745 1827 composita.

122 1815 245 1876 tionem
256 1815 402 1877 rationis.
417 1815 475 1876 Sed
489 1816 521 1876 iii
535 1818 682 1876 omnibus
694 1831 766 1894 quse
777 1832 840 1876 non
854 1833 912 1892 per
962 1811 1047 1890 Ergo
1057 1815 1225 1876 consilium
1236 1817 1278 1898 (1)
1291 1835 1355 1880 non
1366 1839 1493 1902 semper
1502 1827 1643 1903 procedit
1653 1828 1747 1890 modo

123 1895 280 1970 impetum
296 1894 463 1972 passionis
485 1894 621 2032 agimus,
648 1893 849 1972 procedimus
869 1911 911 1954 cx
963 1890 1167 1952 resolutorio.
1197 1947 1199 1950 .

123 1970 335 2064 inquisitione
352 1971 497 2064 rationis.
540 1972 655 2065 τεειιε
672 1973 820 2032 omnibus
839 1989 911 2049 quae
978 1969 1218 2066 ‘231‘raeterea3
1242 1977 1408 2040 consilium
1429 1985 1477 2040 est
1501 1981 1667 2058 inquisitio
1686 2003 1747 2048 ra-

120 2049 700 2207 ³billillbtbiitttlilllii
716 2125 909 2218 nassis,
962 2048 1439 2218 {tibiblttlllblilli
1453 2063 1747 2202 blithildis

121 2223 194 2284 cap.
213 2206 243 2279 3,
263 2207 295 2265 iii
308 2207 498 2297 med.,qubd
512 2207 539 2268 si
545 2225 605 2286 per
610 2203 834 2286 pioroohquid
844 2209 912 2286 ficri
961 2205 1116 2265 ordinem.
1140 2205 1220 2268 Ciim
1246 2209 1343 2288 igitur
1365 2217 1523 2292 preterita
1545 2219 1610 2278 sint
1637 2221 1746 2297 priora

119 2292 241 2362 potest,
263 2285 392 2346 consitio
417 2285 611 2366 inquiritur,
628 2302 688 2364 per
709 2283 792 2362 quod
812 2285 911 2362 sacit-
962 2285 1170 2360 presentibus
1190 2291 1221 2346 et
1241 2295 1410 2367 presentia
1427 2295 1535 2374 priora
1555 2296 1686 2372 iuturis,
1712 2299 1746 2360 in

122 2361 796 2454 timictoptimdfiamsieummperumim,
852 2363 910 2424 ati-
962 2361 1159 2423 consiliando
1194 2365 1318 2428 videtur
1351 2389 1421 2434 esse
1458 2374 1690 2451 procedendum
1725 2375 1746 2440 il

122 2449 170 2500 ter
185 2439 340 2519 perittud
358 2441 608 2520 fiai.Sedomne
630 2439 778 2519 quodni,
825 2445 911 2518 tper
962 2441 1172 2516 presentibus
1194 2449 1225 2503 et
1243 2450 1411 2522 praeteritis
1441 2452 1473 2511 iii
1502 2451 1640 2526 iuturus
1679 2455 1744 2515 nod

122 2534 227 2578 unum
243 2516 294 2578 vel
305 2533 363 2594 per
383 2519 494 2578 multa.
510 2517 646 2596 Ergoda
665 2519 815 2578 omnibus
839 2536 911 2595 quae
962 2533 1026 2576 non
1042 2519 1179 2594 pertinet
1191 2522 1229 2582 ad
1247 2525 1391 2587 ordinem
1406 2529 1645 2591 resolutoriam.
1657 2471 1744 2614 {rgo

123 2595 208 2654 hunt
221 2593 358 2666 anobis,
374 2599 424 2655 est
435 2595 617 2657 consilium.
962 2594 995 2655 iii
1010 2597 1148 2658 consiliis
1164 2616 1227 2660 non
1242 2611 1388 2666 servatur
1401 2605 1479 2667 ordo
1491 2607 1712 2672 resolutorius.

163 2673 222 2734 Sed
245 2677 357 2734 contra
383 2677 431 2734 est
452 2672 537 2751 quod
562 2672 734 2750 Gregorius
749 2673 911 2752 Nyssenus
1000 2673 1029 2731 3.
1045 2675 1220 2748 Praeterea,
1234 2682 1403 2742 consilium
1416 2701 1481 2744 non
1501 2691 1549 2746 est
1565 2687 1626 2746 nisi
1642 2687 1680 2749 de
1693 2691 1743 2751 liis

123 2749 188 2826 (vel
201 2751 378 2819 Nemesius,
395 2751 450 2812 lib.
464 2750 503 2814 de
515 2751 584 2813 Nat.
600 2752 700 2823 bom,
715 2769 783 2828 cap.
800 2750 851 2832 Si)
864 2751 911 2812 di·
961 2765 1032 2826 quse
1056 2757 1131 2814 sunt
1154 2755 1245 2816 nobis
1268 2762 1448 2835 possibilia,
1474 2769 1508 2824 iit
1531 2765 1647 2825 dicitur
1670 2767 1703 2828 in
1725 2767 1746 2828 3

120 2829 176 2901 cit,
187 2828 272 2906 qubd
285 2828 321 2890 dc
333 2828 382 2889 liis
390 2845 456 2908 quoe
467 2828 633 2890 secundiim
643 2827 851 2906 disciplinam,
862 2831 910 2893 vel
961 2829 1075 2904 liiiio..
1099 2847 1168 2910 cap.
1185 2833 1219 2905 3,
1234 2837 1332 2912 paulb
1354 2845 1426 2918 posi
1445 2841 1547 2917 princ.
1564 2842 1623 2903 Sed
1643 2861 1685 2906 an
1703 2845 1744 2906 sii

120 2916 220 2968 ortem
235 2913 309 2968 surii
324 2905 477 2986 operibus,
490 2925 555 2968 ison
570 2916 612 2969 cst
626 2908 800 2968 consilium.
961 2909 1052 2968 nobis
1074 2909 1194 2987 aliquid
1221 2915 1388 2991 possibile,
1412 2921 1620 2997 perpenditur
1644 2939 1684 2984 ex
1706 2940 1744 2986 co

162 2985 351 3063 Respondeo
372 2987 539 3048 dicendum
563 2985 649 3064 qubd
673 2985 840 3046 consilium
861 2989 910 3048 est
961 2985 1047 3062 quod
1070 3005 1241 3065 possumus
1266 2992 1387 3066 iacere,
1416 2998 1463 3056 iel
1487 3017 1550 3058 non
1573 3015 1743 3076 possumus

120 3064 291 3141 inquisitio
306 3063 463 3140 quosdam,
474 3069 510 3124 ut
521 3065 696 3125 dictumest
707 3071 768 3126 art.
785 3064 909 3144 lhujus
960 3063 1075 3137 iacere,
1092 3070 1128 3126 ul
1143 3072 1367 3144 perveniamus
1383 3075 1414 3134 in
1427 3076 1517 3137 illud.
1534 3077 1618 3156 Ergo
1638 3079 1670 3140 in
1688 3081 1745 3141 in-

119 3147 237 3220 quaest.
256 3144 298 3202 lie
308 3143 371 3204 illis
387 3145 493 3204 nutem
507 3143 670 3220 inquirere
685 3144 909 3220 sciemusque
959 3143 1131 3218 quisitinne
1163 3149 1288 3209 consilii
1316 3147 1336 3214 a
1363 3155 1573 3230 presentibus
1604 3155 1744 3238 incipere

117 3221 156 3282 in
182 3221 314 3281 dubium
339 3222 484 3282 veniunt.
503 3221 590 3283 Unde
609 3225 640 3282 ει
662 3221 745 3281 ratio
768 3221 909 3299 inquisi·
959 3225 1096 3298 oportet.

119 3300 204 3371 tiva,
220 3317 292 3376 quis
305 3298 420 3359 dicitur
436 3307 666 3378 erqumciitum,
684 3304 731 3360 est
749 3299 797 3360 rei
809 3299 909 3360 dubiis
999 3297 1057 3360 Sed
1072 3305 1184 3363 contra
1199 3307 1246 3365 est
1263 3307 1347 3383 quod
1364 3307 1575 3389 Philosophus
1588 3313 1663 3376 dicit
1677 3315 1710 3376 in
1724 3315 1745 3375 3

145 3454 241 3516 ilibus

116 3379 240 3518 §sciens
256 3375 355 3516 fldem.
369 3376 460 3450 Qubd
481 3383 587 3438 autem
600 3377 720 3455 aliquid
738 3378 770 3437 in
791 3393 909 3456 opera·
959 3376 1074 3451 Etbic.,
1088 3395 1159 3456 cap.
1172 3381 1202 3451 3,
1219 3385 1395 3460 postmed.,
1407 3389 1493 3466 qubd
1505 3391 1557 3453 ιιιε
1569 3393 1626 3470 qui
1637 3394 1745 3456 consi-

279 3456 406 3516 umanis
423 3471 487 3516 non
501 3457 541 3516 sii
554 3455 744 3525 dubitabile,
762 3471 802 3515 ex
821 3455 909 3516 duo·
959 3455 1067 3522 tiator,
1083 3457 1208 3518 videtur
1219 3477 1353 3550 qsroerere
1367 3472 1395 3524 ει
1409 3459 1569 3530 resolvere.

15 3561 16 3568 ι
117 3537 183 3597 bus
195 3533 360 3613 contingit.
373 3534 554 3604 Unomodo,
566 3536 641 3612 quia
653 3531 908 3612 perdelermina·
998 3533 1186 3611 llespondeo
1197 3537 1363 3600 dicendum
1377 3543 1461 3620 qubd
1475 3547 1508 3606 iii
1523 3547 1608 3606 omni
1629 3547 1745 3626 inqui·-

117 3617 172 3674 tas
199 3611 268 3673 rias
295 3610 478 3706 proceditur
496 3612 535 3674 sd
562 3613 787 3673 determinatos
807 3611 885 3673 fines
896 3657 906 3688 ,
959 3609 1075 3672 sitione
1088 3618 1213 3704 oportet
1228 3617 1367 3695 incipere
1384 3623 1547 3702 abaliquo
1565 3625 1743 3702 principi0;

118 3691 206 3752 sicut
220 3691 376 3828 contingit
391 3690 423 3749 in
437 3691 560 3751 artibus
573 3708 645 3766 ques
665 3689 784 3751 bahent
802 3695 907 3752 certas
958 3689 1044 3766 quod
1058 3689 1188 3768 quidem
1201 3693 1228 3752 si
1241 3695 1324 3756 sicut
1336 3702 1384 3758 est
1399 3701 1490 3777 prius
1504 3703 1536 3762 in
1550 3703 1742 3780 cognitione,

117 3769 192 3832 vies
206 3785 327 3848 operan
349 3769 377 3841 i;
396 3768 477 3829 sicut
492 3768 629 3847 scriptor
644 3783 707 3828 non
721 3769 908 3832 consiliator
958 3767 1000 3829 ita
1017 3770 1113 3830 etiam
1130 3772 1172 3832 sit
1184 3769 1274 3851 prius
1289 3775 1321 3834 in
1336 3791 1424 3848 esse,
1440 3793 1502 3838 non
1516 3782 1563 3838 est
1577 3795 1743 3856 processus

144 3847 284 3909 uomodb
299 3847 412 3909 debeat
435 3845 563 3908 trahere
582 3848 722 3919 litteras,
739 3847 800 3906 lioc
821 3849 907 3908 enim
958 3847 1180 3918 resolutorios,
1197 3853 1250 3912 sed
1263 3852 1366 3930 magis
1381 3857 1620 3932 compositivus.
1632 3857 1745 3920 Proce-

117 3865 368 3989 determinatum
381 3932 427 3986 est
440 3942 499 4002 per
510 3930 623 3986 artem.
637 3924 708 3984 Alio
721 3923 815 3984 modo
829 3926 907 4003 quia
957 3923 1034 3986 dere
1047 3925 1133 3986 enim
1147 3921 1165 3986 d
1182 3931 1285 3992 causis
1304 3931 1338 3990 iii
1353 3929 1494 4004 ellectus,
1512 3937 1559 3994 est
1572 3949 1743 4012 processus

118 4022 190 4066 non
204 4001 340 4065 multiim
357 4002 453 4065 refert
465 4000 574 4064 utriim
587 4003 633 4064 sic
647 4001 698 4064 vel
718 4001 764 4062 sic
785 4002 855 4073 listi
876 4007 908 4064 ct
958 4003 1205 4080 compositivus,
1222 4023 1294 4068 nam
1315 4025 1420 4070 causae
1438 4014 1516 4071 sunt
1536 4011 1743 4090 simpliciores

118 4086 184 4148 ista
201 4087 278 4144 sunt
299 4082 447 4153 minima,
463 4099 539 4158 quio·
553 4079 668 4159 pariim
687 4079 839 4159 adjuvant
856 4081 907 4142 iel
957 4079 1134 4143 eliectibus.
1148 4083 1179 4144 Si
1194 4089 1300 4145 autem
1315 4087 1345 4148 id
1360 4087 1445 4165 quod
1460 4094 1508 4152 est
1526 4089 1616 4170 prius
1635 4091 1667 4152 in
1683 4109 1745 4153 co-

28 4201 31 4206 ·
118 4161 300 4239 impediunt
318 4166 464 4240 respectu
487 4159 906 4250 hnisconsequendisquod
958 4159 1113 4236 gnitione,
1128 4162 1167 4221 sit
1179 4163 1336 4240 posterius
1353 4165 1384 4224 in
1403 4184 1489 4240 esse,
1506 4173 1554 4230 cst
1596 4186 1745 4233 recessus

117 4244 230 4302 autem
246 4236 358 4320 partlm
372 4243 430 4312 est,
442 4238 533 4315 quasi
548 4237 627 4299 nibil
639 4241 856 4317 accipitratio.
868 4239 907 4298 Et
959 4239 1193 4312 resolutorios,
1214 4245 1323 4319 utpote
1337 4240 1411 4306 ciim
1424 4245 1463 4306 de
1484 4187 1647 4310 edecifbus
1669 4265 1744 4311 ma-

118 4318 195 4380 ideb
214 4317 253 4380 dc
271 4318 395 4378 duobus
419 4333 484 4377 nen
506 4315 733 4387 consiliamur,
757 4316 904 4394 quamvis
959 4317 1080 4378 nilestis
1091 4316 1486 4398 judicamus;resoliendo
1499 4325 1532 4386 iu
1543 4341 1656 4389 causas
1668 4327 1741 4390 sim·

118 4397 312 4458 ordinentur
332 4394 371 4457 ad
393 4395 508 4470 linem,
522 4399 558 4456 ut
581 4393 790 4472 Philosophus
813 4393 904 4468 dicit,
958 4395 1067 4472 plices.
1649 4405 1658 4423 ·

120 4475 180 4537 lib.
196 4474 344 4545 sisinio,
359 4489 429 4552 cap.
445 4471 475 4546 3,
491 4474 612 4535 scilicet
625 4472 768 4534 derebus
786 4473 905 4550 parvis,
997 4472 1192 4550 Principium
1209 4477 1316 4538 eutem
1331 4477 1364 4538 in
1388 4477 1593 4555 inquisitione
1616 4482 1742 4544 consilii

119 4556 156 4616 ει
168 4552 206 4614 de
219 4553 268 4614 bis
281 4570 353 4631 quae
367 4555 443 4612 sunt
452 4552 662 4614 determinata
679 4549 818 4626 qualiter
837 4549 905 4612 lieri
957 4555 1003 4611 est
1018 4549 1102 4624 linis,
1120 4552 1177 4629 qui
1191 4553 1319 4632 quidem
1332 4560 1380 4616 est
1393 4559 1483 4634 prior
1495 4559 1528 4617 in
1547 4558 1742 4633 intentione,

118 4631 249 4706 debent,
277 4631 361 4692 sicut
391 4633 441 4690 cst
464 4630 496 4689 in
523 4629 763 4706 operationibus
786 4629 906 4690 artium
957 4629 1117 4705 posterior
1141 4634 1246 4692 tamen
1269 4631 1395 4694 inesse.
1417 4634 1456 4694 Et
1481 4634 1656 4696 seeundum
1681 4637 1743 4699 lioo

144 4713 239 4772 risten
251 4706 405 4787 quasdam
417 4707 647 4784 coniecturales
661 4710 717 4779 ,ut
731 4706 905 4786 Gregorius
958 4710 1083 4784 oportet
1097 4707 1182 4784 qubd
1201 4707 1366 4786 inquisitio
1382 4712 1506 4772 consilii
1521 4713 1562 4774 sit
1580 4712 1743 4774 resoluto-

118 4728 283 4926 Kylssenus
295 4783 454 4924 ᾱῗείιβοε.
466 4786 632 4925 apelii,
643 4790 678 4922 gt
689 4782 767 4862 puta
780 4785 907 4848 medici·
957 4785 1018 4923 rig,
1033 4783 1213 4922 ιιᾶειιρίειιιιο
1234 4787 1353 4848 scilicet
1367 4790 1407 4848 ab
1427 4791 1565 4927 ⁰⁰.‘l:¹⁰‘¹
1580 4790 1743 4930 idnguturo

119 4883 217 5006 ”ll
232 4879 468 5022 ‘tillitus
489 4879 771 5032 sibilium
793 4941 906 5002 amn
958 4879 1331 5032 {disteicheith
1346 4883 1497 4944 limi
1513 4885 1581 4931 ⁰¹³³
1615 4886 1624 4929 ¹
1655 4871 1742 4950 ‘¹⁰⁰⁶

120 5021 343 5114 praesupponit
368 5019 536 5084 consilium
558 5020 683 5081 ratione
703 5018 833 5098 judicii,
856 5020 907 5081 vel
997 5019 1045 5079 ild
1058 5035 1194 5110 primum
1208 5037 1285 5158 ergo
1297 5020 1463 5083 dicendum
1476 5023 1561 5102 qubd
1573 5026 1742 5088 eonsilium

120 5107 296 5164 sententiis.
309 5099 398 5162 Unde
409 5097 538 5177 quando
550 5097 705 5192 iudiciuin
717 5097 768 5157 rel
780 5103 907 5160 senten·
958 5097 1052 5159 estde
1067 5101 1245 5173 operationi
1271 5113 1325 5172 us3
1340 5101 1393 5161 sod
1413 5104 1494 5162 ratio
1518 5105 1741 5181 operationum

122 5181 167 5242 tie
180 5178 347 5242 manifesta
359 5183 407 5239 est
418 5179 540 5254 absque
553 5175 772 5255 inquisitione,
782 5190 848 5235 non
858 5193 907 5237 re·
959 5175 1114 5254 accipitur
1127 5191 1169 5236 ex
1185 5173 1265 5249 unm
1281 5182 1312 5236 ει
1334 5177 1406 5240 idcb
1428 5180 1505 5241 ordo
1529 5181 1741 5244 ratiocinandi

121 5258 264 5336 quiritur
280 5255 405 5320 consilii
421 5255 597 5334 inquisitio.
958 5253 997 5315 de
1014 5251 1253 5346 operationibus
1274 5258 1322 5316 est
1336 5259 1517 5320 contrarius
1535 5261 1639 5322 ordini
1662 5277 1743 5339 ope-

163 5337 210 5397 ild
229 5336 405 5398 secundum
418 5333 586 5396 dicendum
601 5331 686 5412 qubd
702 5332 786 5393 ratio
803 5331 835 5391 in
852 5348 909 5392 re-
958 5333 1064 5393 randi.

122 5417 184 5476 bus
198 5413 373 5476 manifestis
387 5429 452 5474 non
470 5411 620 5490 inquirit,
639 5409 692 5474 sed
706 5409 812 5474 statim
822 5408 908 5489 judi·
998 5409 1046 5471 Ad
1069 5408 1243 5471 secundum
1265 5411 1432 5474 dicendum
1446 5413 1532 5494 qubd
1554 5417 1637 5480 ratio
1658 5415 1742 5477 inci-

124 5499 195 5568 cat;
220 5496 253 5555 et
273 5491 344 5556 ideb
368 5505 433 5554 non
457 5493 584 5570 oportet
608 5491 644 5552 in
663 5489 812 5553 omnibus
836 5505 908 5567 quae
959 5489 1005 5568 pit
1019 5490 1061 5551 ab
1073 5505 1111 5550 eo
1125 5489 1211 5565 quod
1224 5493 1270 5550 est
1284 5491 1556 5569 primisecundum
1570 5495 1742 5566 rationem,
1801 5549 1807 5556 .

161 5683 199 5757 (l)
209 5683 247 5738 ha
259 5681 321 5738 editi
340 5694 433 5736 omnes
453 5695 519 5750 quos
533 5680 654 5737 uidimus.
674 5677 756 5737 Ccdd.
771 5677 863 5736 blein.
879 5686 907 5736 ει
994 5671 1036 5756 (i)
1050 5673 1087 5728 Ιιι
1097 5671 1174 5754 epid·
1188 5679 1216 5728 ei
1229 5671 1291 5731 editi
1305 5673 1470 5734 leudomucs.
1484 5675 1554 5734 Edit.
1569 5675 1659 5745 hom,
1674 5691 1745 5732 cois·

123 5753 246 5820 Cimon,
254 5765 311 5824 quic
322 5765 365 5824 per
377 5765 422 5806 iios
433 5761 552 5823 ngniitiir.
961 5754 1035 5818 positi
1049 5742 1192 5798 consitioni.
