4080 6354
122 355 174 412 litt
292 345 425 420 QUAEST.
446 349 515 406 xlx.
536 345 581 404 DE
599 345 768 404 BONleTE
790 345 831 409 ET
851 342 989 400 lllllltd
1008 341 1120 403 letus
1139 343 1331 402 tlttllllloltls
1351 346 1574 408 lottlrltntls.
1696 354 1745 409 ltu

161 468 220 530 Sed
231 467 292 528 hoc
305 461 568 526 irrationabiliter
582 458 709 519 dicitnr.
724 457 759 516 ln
776 453 907 517 inditio-
925 523 928 532 ,
960 459 1014 516 tur
1027 453 1100 516 talis
1113 456 1198 518 mala
1210 454 1370 518 voluntas.

119 547 266 610 rentibus
283 544 366 604 enim
384 543 530 604 voluntas
546 536 730 598 discordans
750 531 907 598 eratione
961 535 1141 595 Αιιτιευιιε
1162 551 1205 597 vr.
1220 568 1258 578 —
1273 533 1384 596 Utrdm
1395 535 1539 598 voluntas
1552 538 1745 600 concordans

120 628 174 688 vel
189 621 382 686 conscientie
395 625 522 680 errante
535 621 584 677 est
597 615 679 675 attala
689 613 799 690 aliquo
813 611 907 672 modo
999 610 1254 702 rationtloranti
1267 613 1307 672 sit
1321 611 1411 674 horto.
1425 647 1463 658 -—
1479 613 1582 695 (Scep,
1596 624 1658 677 ort.
1672 615 1703 691 S,
1718 625 1745 678 et

122 710 255 784 propter
275 700 432 762 oh'ectnm
445 742 453 770 ,
466 695 485 758 e
498 711 563 773 qno
581 693 706 754 horrilas
721 691 771 752 vel
786 691 908 752 malitia
1000 689 1078 750 locis
1090 689 1133 750 ihr
1148 689 1312 770 inductis.)

122 780 297 843 voluntatis
310 719 464 858 dependet
476 794 484 847 ;
498 777 683 834 nouantem
699 775 829 847 propter
843 770 909 830 ob-
1000 767 1046 827 dd
1060 773 1187 829 sextum
1202 769 1247 829 sic
1260 767 1452 846 proceditur.
1472 763 1501 832 1.
1516 771 1649 834 Videtur
1660 772 1756 849 quedl¹

118 862 239 944 jectam
249 854 422 920 secundem
433 853 482 916 sul
494 857 655 922 naturam,
667 848 722 910 sed
733 844 907 910 secundem
960 845 1109 906 voluntas
1123 847 1321 908 concordans
1332 849 1450 910 rationi
1464 852 1584 912 erranti
1594 853 1635 912 sit
1649 852 1744 914 hona.
1763 899 1769 910 ,

120 938 208 1017 qued
232 953 290 1016 per
310 934 457 996 accidens
477 928 496 992 e
514 929 637 990 ratione
656 925 908 1004 apprehenditur
960 924 1048 984 Sicut
1077 925 1163 985 enim
1186 927 1337 987 voluntas
1364 926 1549 990 discordans
1577 927 1597 993 e
1622 930 1747 992 rationo

120 1023 159 1077 ut
174 1019 293 1078 honum
313 1014 363 1074 vel
384 1009 523 1080 malurn,
544 1007 583 1068 ad
604 1004 781 1066 iaciendum
799 1004 847 1065 vel
869 1003 908 1064 ad
961 1001 1061 1062 tendit
1074 1008 1107 1064 in
1123 1003 1152 1062 id
1165 1004 1250 1082 quod
1264 1004 1620 1097 raliojudicalmalum,
1636 1006 1679 1070 ita
1690 1025 1747 1072 vo·

122 1095 302 1157 vitandum.
316 1091 444 1168 Elquia
458 1087 617 1165 objectum
632 1083 803 1144 voluntatis
817 1082 908 1143 estid
961 1081 1068 1172 luntas
1084 1082 1280 1145 concordans
1302 1084 1419 1144 rationi
1442 1084 1541 1166 tepdil
1560 1085 1594 1146 in
1616 1086 1646 1147 id
1682 1087 1747 1148 uod

121 1173 210 1252 quod
233 1170 424 1250 proponitur
447 1164 468 1228 e
492 1165 637 1233 ratione,
659 1167 695 1222 ut
721 1161 838 1221 dictum
861 1164 910 1222 est
961 1166 1043 1220 ratio
1053 1158 1175 1252 Judicat
1187 1161 1317 1222 honum.
1329 1162 1387 1224 Sed
1401 1162 1549 1225 voluntas
1560 1105 1745 1228 discoferus

121 1257 236 1330 quest.
253 1249 285 1320 ’1,
300 1252 360 1308 art.
376 1246 404 1320 1,
420 1263 460 1307 ex
474 1259 539 1322 quo
550 1239 669 1318 aliquid
685 1235 910 1318 proponitural
961 1235 980 1300 e
1001 1242 1126 1299 ratione
1142 1239 1237 1298 etiam
1256 1245 1385 1304 errante
1404 1245 1453 1303 est
1472 1243 1567 1304 mala.
1588 1243 1673 1322 Ergo
1689 1261 1749 1306 vo-

122 1331 294 1390 cationeut
306 1327 438 1396 malum,
455 1323 615 1390 voluntas,
627 1317 701 1379 dirm
714 1319 745 1378 in
757 1317 833 1378 illud
845 1315 910 1377 ter·
961 1315 1068 1378 luntas
1085 1317 1284 1382 concordans
1305 1319 1422 1380 rationi
1442 1319 1538 1382 etiam
1555 1321 1677 1384 erranti
1697 1327 1746 1384 εει

122 1414 188 1478 tur,
205 1404 320 1483 accipit
341 1403 498 1466 rationem
515 1398 602 1458 mali.
619 1399 687 1458 Hoc
700 1400 807 1458 autem
829 1412 910 1456 con·
961 1391 1057 1456 hona.

123 1487 218 1566 tingit
231 1502 296 1545 non
310 1479 413 1544 solium
429 1481 461 1540 in
473 1475 737 1540 indifferentibus.
750 1474 909 1537 sedetiam
1001 1473 1031 1532 2.
1043 1475 1210 1546 Praeterea,
1219 1475 1368 1540 voluntas
1378 1477 1576 1539 concordans
1587 1485 1746 1558 precepto

124 1569 158 1625 in
176 1582 234 1643 per
245 1581 279 1624 εε
292 1561 384 1622 bonis
397 1560 447 1622 vel
464 1555 568 1617 malis.
584 1555 653 1615 Non
666 1549 768 1638 solem
780 1553 864 1614 enim
878 1552 910 1613 id
960 1550 1017 1612 Dei
1033 1556 1065 1613 ει
1086 1552 1148 1632 legi
1164 1555 1289 1616 eternis
1301 1571 1368 1616 sem
1392 1561 1489 1618 erest
1505 1557 1601 1620 hona.
1616 1556 1676 1620 Sed
1692 1561 1747 1619 lex

124 1643 209 1721 quod
220 1645 268 1703 est
278 1638 588 1713 iridillerens,potest
596 1632 740 1709 accipere
752 1631 909 1692 rationem
961 1635 1101 1700 eterna,
1121 1635 1152 1691 et
1165 1634 1357 1710 preceptum
1404 1634 1433 1695 ei
1447 1636 1636 1728 proponitur
1655 1638 1747 1700 nohis

124 1722 201 1783 honi
215 1720 265 1782 ιει
278 1719 353 1779 mali
366 1735 424 1797 per
433 1713 592 1783 accidens,
604 1712 657 1772 sed
670 1712 765 1772 etiam
779 1709 809 1770 id
824 1709 910 1786 quod
984 1725 1020 1769 er
1037 1711 1323 1786 apprehensionem
1342 1711 1474 1774 rationis
1490 1715 1585 1776 eliam
1598 1715 1745 1780 errantis.

123 1806 173 1862 est
184 1802 305 1861 honum
319 1800 424 1876 potest
436 1791 579 1870 accipere
592 1791 748 1850 rationem
759 1789 847 1858 mali,
859 1789 909 1850 vel
960 1725 985 1846 E

124 1879 203 1940 illud
215 1876 300 1956 quod
311 1881 359 1936 est
372 1873 503 1940 malum,
515 1869 670 1930 rationem
683 1867 769 1937 honi,
780 1869 911 1944 propter
961 1865 1045 1940 rapti
1060 1871 1109 1927 εει
1123 1868 1219 1928 hona.

124 1955 416 2050 apprehensionem
441 1947 603 2084 rationisdq¹
620 1944 696 2023 pute
713 1943 910 2084 qhqtinered
999 1943 1031 2003 3.
1053 1945 1222 2083 ιίιειίειειιί
1234 1945 1383 2084 scestoniae
1396 1947 1580 2088 diqcoqdans
1595 1945 1748 2090 hratgone

125 2032 910 2174 itttttlldtlldllhdtt?residit?
961 2039 1748 2195 tuditi-„dliitttttltdttltltt‘dtt

124 2190 201 2253 dem
218 2189 303 2269 qudd
316 2186 470 2251 eratione
483 2182 685 2262 proponitur.
697 2179 727 2241 Si
744 2197 821 2260 ergo
836 2197 910 2258 pro·
961 2197 1065 2242 omnis
1083 2181 1231 2242 voluntas
1253 2181 1400 2244 habentis
1414 2183 1570 2246 rationem
1585 2193 1747 2250 errantem

125 2272 317 2409 tillidi
333 2266 456 2406 illd
470 2258 911 2402 iltltlttltl‘tatllt
961 2258 1004 2398 {¹1¹
1019 2259 1749 2420 ‘deditedeithildahithe

551 2383 558 2398 ¹
1397 2385 1405 2412 ι

125 2427 223 2496 mala,
239 2425 316 2502 quia
331 2421 545 2489 sulimatum,
562 2435 625 2478 non
640 2417 767 2494 quidem
782 2416 811 2475 id
824 2415 910 2494 quod
962 2414 1066 2476 niens.
1082 2417 1166 2496 Ergo
1183 2417 1331 2480 voluntas
1345 2419 1542 2483 concordans
1556 2423 1674 2485 rationi
1690 2443 1749 2488 er-

126 2509 177 2564 est
190 2505 309 2562 malum
321 2519 379 2578 per
393 2519 439 2572 se,
457 2497 510 2558 sed
524 2495 554 2554 id
567 2495 652 2572 quod
665 2498 712 2554 est
723 2495 840 2556 malum
853 2511 911 2570 per
962 2493 1046 2554 tanti
1059 2499 1108 2557 est
1121 2497 1217 2556 hona.

15 2625 16 2630 ι
126 2579 287 2652 accidens,
305 2581 435 2656 propter
451 2573 740 2652 apprehensionem
762 2571 910 2632 rationis.
1001 2571 1061 2632 Sed
1078 2576 1207 2644 contra,
1224 2573 1596 2640 voluntasoccidenlium
1612 2580 1748 2658 Aposto-

15 2655 16 2658 ’
126 2659 168 2718 Ει
194 2658 341 2720 ειιιιιιιιει
362 2655 491 2719 credere
506 2653 539 2713 in
554 2651 715 2711 Christum
730 2652 778 2710 εει
797 2667 856 2728 ρει
877 2665 912 2711 se
962 2649 1011 2710 los
1024 2651 1206 2722 eratmala;
1220 2651 1274 2713 sed
1288 2655 1392 2714 ιειιιειι
1404 2656 1618 2718 concordabat
1630 2659 1749 2723 rationi

126 2738 250 2798 honum
267 2742 298 2798 ει
311 2732 526 2798 necessarium
546 2730 586 2790 ad
601 2728 758 2800 salutem;
782 2727 836 2788 sed
849 2744 912 2790 vo-
963 2728 1083 2788 erranti
1101 2727 1255 2806 ipsorum,
1271 2729 1445 2792 secundem
1457 2733 1533 2794 illud
1544 2736 1635 2797 ioan.
1649 2738 1747 2812 dte:

96 2873 97 2878 ,
125 2817 236 2876 luntas
248 2832 311 2875 non
324 2813 467 2874 leriurin
479 2809 550 2880 hoc,
563 2808 623 2868 nisi
637 2802 812 2868 secundem
824 2805 912 2883 qued
969 2806 1060 2868 Venit
1077 2805 1156 2868 hora
1173 2814 1209 2868 ut
1224 2806 1324 2870 omnis
1343 2811 1397 2890 qui
1419 2811 1568 2894 interficit
1587 2833 1643 2878 vos
1661 2816 1750 2880 orei-

125 2887 147 2956 e
164 2886 288 2956 ratione
299 2891 499 2970 proponitur.
518 2885 603 2948 Unde
617 2887 643 2946 si
658 2882 678 2947 e
692 2885 817 2946 ratione
830 2903 908 2963 pro-
963 2891 1065 2945 tretur
1089 2884 1264 2965 obsequium
1285 2905 1316 2947 re
1331 2900 1481 2968 prostare
1500 2891 1576 2953 lieo.
1597 2895 1682 2976 Ergo
1695 2913 1750 2960 vo-

126 2977 268 3050 ponatur
279 2976 317 3031 ul
337 2969 474 3040 malurn,
489 2967 635 3027 voluntas
656 2963 776 3025 seretur
800 2964 832 3023 in
850 2963 912 3024 hoo
962 2963 1070 3025 luntas
1087 2965 1284 3028 concordans
1301 2967 1419 3028 rationi
1432 2971 1551 3033 erranti
1564 2979 1748 3053 potestesse

126 3058 164 3112 ιιι
183 3050 323 3122 malum,
340 3047 496 3126 nunquia
514 3043 591 3104 illud
604 3043 646 3104 sit
660 3043 778 3102 malum
798 3058 912 3102 secun·
963 3043 1060 3104 mala.

125 3128 203 3192 ddm
220 3147 266 3200 se,
282 3126 336 3188 sed
352 3127 427 3204 quia
443 3127 491 3186 est
505 3121 625 3182 nialum
638 3139 696 3198 per
710 3119 854 3182 accidens
870 3138 911 3181 ex
1002 3121 1189 3214 despondeo
1201 3123 1367 3186 dicendum
1380 3125 1477 3204 qudd,
1490 3128 1573 3192 sicut
1585 3131 1749 3210 premissa

125 3205 384 3286 apprehensione
397 3201 543 3265 rationis.
561 3199 600 3259 Et
617 3200 687 3260 ided
697 3197 910 3277 Philosophus
963 3205 1099 3278 questro
1113 3201 1223 3264 eadem
1240 3209 1288 3265 cst
1300 3221 1374 3266 cum
1387 3207 1563 3284 quaestione
1578 3207 1643 3287 qud
1657 3229 1750 3289 quas-

126 3287 203 3347 dicil
220 3287 253 3346 in
266 3284 285 3345 *1
298 3284 414 3354 Ethic,
426 3299 496 3359 cap.
511 3280 523 3339 1
545 3284 576 3340 et
591 3277 627 3348 2,
643 3277 728 3355 qudd
746 3295 803 3356 per
817 3295 852 3336 se
865 3278 912 3338 lo-
962 3279 1046 3339 ritur
1058 3277 1163 3340 utrem
1176 3283 1365 3344 conscicntia
1377 3301 1506 3346 araneo
1523 3286 1610 3366 liqet,
1628 3289 1671 3351 ita
1689 3290 1750 3354 ista

125 3365 256 3442 quenda
271 3362 473 3424 incontinens
488 3357 607 3435 estqui
624 3373 688 3416 non
702 3357 848 3434 sequitur
859 3372 912 3420 ra·
962 3357 1098 3434 quaestio
1124 3359 1234 3420 eadem
1256 3365 1305 3422 εει
1328 3379 1400 3422 cum
1426 3363 1481 3426 illl
1504 3365 1569 3442 qud
1594 3369 1750 3446 quaeritur

125 3445 247 3503 tionem
261 3446 380 3502 rectam
393 3483 401 3512 ,
416 3457 475 3518 per
489 3435 635 3498 accidens
649 3437 757 3495 aulem
773 3434 828 3512 qui
844 3451 910 3498 non
962 3433 1069 3496 ulriim
1083 3438 1271 3500 conscientia
1281 3455 1410 3500 moneo
1426 3452 1562 3504 excuset.

126 3539 163 3582 se
188 3522 275 3581 uitur
289 3519 446 3580 rationem
459 3516 582 3577 salsam.
1003 3513 1076 3576 llaec
1097 3519 1203 3577 autem
1226 3517 1360 3595 questio
1382 3519 1536 3598 dependet
1548 3524 1589 3584 ah
1609 3541 1647 3586 eo
1662 3526 1749 3604 quod

165 3541 255 3662 ‘hade
268 3593 530 3672 dicendumqued
544 3591 730 3669 simpliciter
740 3590 844 3652 omnis
855 3607 912 3652 vo-
963 3591 1116 3684 saprade
1136 3593 1318 3672 ignorantie
1337 3595 1532 3660 dictumest.
1555 3603 1680 3664 tiletum
1701 3611 1751 3667 cst

126 3679 236 3739 Ιιιιιιειε
254 3675 439 3737 discordans
462 3671 482 3736 d
501 3673 626 3733 ratione
639 3713 648 3744 ,
663 3670 731 3732 sive
743 3667 833 3730 recte
843 3669 911 3732 sive
963 3687 1048 3732 enlm
1058 3688 1168 3749 supra,
1182 3679 1295 3750 quaest.
1305 3673 1336 3748 6,
1352 3679 1412 3737 art.
1426 3675 1458 3748 8,
1469 3677 1554 3755 qued
1567 3681 1751 3758 ignorantia

125 3760 268 3828 errante,
285 3771 411 3832 semper
425 3757 473 3814 est
488 3751 583 3812 mala.
962 3750 1274 3828 quandoquecausat
1284 3753 1749 3836 involuntarium,quandoque

168 3835 212 3894 hd
229 3835 367 3912 primum
381 3849 458 3911 ergo
472 3828 639 3891 dicendum
654 3825 740 3905 qudd
754 3823 911 3904 judicium
963 3830 1070 3888 autem
1081 3843 1157 3887 non.
1175 3829 1214 3890 El
1226 3831 1303 3906 quia
1319 3832 1438 3891 honum
1452 3837 1484 3894 et
1493 3833 1613 3894 malum
1629 3839 1751 3900 morale

124 3913 262 3974 rationis
279 3911 438 3982 errantis,
454 3906 527 3969 licet
545 3923 609 3967 non
624 3906 785 3966 derivetur
800 3901 910 3977 aueo,
963 3904 1106 3965 consistit
1120 3906 1152 3965 in
1166 3912 1251 3980 actu,
1263 3909 1296 3968 in
1309 3913 1522 3986 quantumesl
1534 3913 1748 3990 voluntarius,

124 3991 332 4053 lamentatio
348 3985 628 4066 erransjudicium
644 4000 739 4047 suum
761 3984 913 4059 proponit
964 3987 1052 4042 utex
1070 3985 1241 4060 praemissis
1263 3990 1365 4063 patet,
1381 3991 1443 4048 art.
1464 3988 1485 4049 2
1506 3989 1602 4069 hujus
1621 4000 1749 4070 quaest,

124 4073 164 4132 ul
177 4070 354 4142 verum,et
375 4084 432 4146 per
449 4080 649 4141 consequens
664 4059 816 4123 utallleo
830 4059 914 4122 deri·
963 4060 1166 4122 manifestum
1191 4065 1240 4123 εει
1269 4063 1354 4142 qued
1384 4066 1439 4128 illa
1471 4069 1651 4147 ignorantia
1677 4091 1750 4152 ques
1794 4119 1803 4142 ,

130 4152 251 4220 ratum,
267 4146 364 4225 equo
377 4150 424 4206 est
437 4143 540 4205 omnis
553 4143 683 4204 veritus.
964 4143 1076 4201 causat
1100 4139 1372 4218 involuntarium,
1391 4145 1473 4206 tollit
1491 4149 1647 4212 rationem
1673 4153 1749 4215 boni

168 4225 214 4286 dd
230 4224 404 4286 secundum
417 4222 583 4284 dicendum
598 4219 684 4298 qudd
698 4217 830 4280 verbum
844 4217 914 4277 du·
964 4222 996 4279 ει
1009 4219 1083 4280 mali
1097 4219 1244 4294 moralis;
1258 4239 1323 4284 non
1337 4228 1442 4286 autem
1454 4224 1587 4304 illaquce
1600 4229 1750 4293 involun-

101 4341 105 4348 -
127 4295 913 4398 gustiaihahellocumquandoeognosciturqudd
964 4298 1080 4360 tarium
1099 4314 1163 4360 non
1179 4305 1300 4362 causat.
1319 4301 1446 4364 Dictum
1458 4308 1507 4366 est
1521 4307 1615 4368 ctiam
1630 4326 1746 4388 supro,

126 4381 262 4454 interior
272 4384 412 4459 potestas
423 4379 564 4457 precipit
578 4375 698 4454 aliquid
709 4376 914 4466 contraprcq-
964 4379 1077 4454 quast.
1087 4375 1117 4449 6,
1129 4381 1190 4440 art.
1206 4378 1237 4452 8,
1248 4379 1333 4458 qudd
1344 4379 1525 4459 ignorantia
1539 4402 1610 4461 quae
1625 4393 1673 4448 est
1683 4387 1749 4450 ali-

126 4464 257 4538 ceplum
276 4461 451 4538 superioris
473 4457 649 4534 potestatis.
667 4454 725 4516 Sed
745 4471 772 4513 ει
793 4452 911 4529 aliquis
964 4455 1256 4530 quomodovolita,
1273 4459 1340 4520 sive
1358 4459 1475 4520 directe
1495 4463 1562 4522 sive
1585 4463 1747 4542 indirecte,

129 4539 273 4600 crederet
295 4535 379 4615 qued
400 4541 591 4615 pracceptum
608 4531 808 4612 proconsulis
829 4537 914 4592 esset
964 4549 1030 4592 non
1045 4539 1156 4596 causat
1172 4534 1434 4598 involuntarium.
1449 4539 1487 4598 Et
1501 4539 1571 4600 dico
1589 4542 1749 4620 ignoran-

131 4622 324 4696 prceceptnm
346 4613 566 4692 imperatoris,
582 4609 812 4673 contemnendo
828 4627 914 4688 pree-
963 4611 1042 4671 tiam
1065 4611 1181 4674 directe
1215 4615 1452 4686 voluntariam,
1477 4615 1510 4676 in
1536 4636 1633 4695 quam
1658 4625 1748 4683 actus

129 4699 256 4772 ceptum
269 4693 482 4771 proconsulis,
495 4695 711 4751 contemneret
721 4693 914 4767 praeceptum
964 4689 1137 4752 voluntatis
1166 4691 1282 4764 terlur3
1307 4691 1458 4753 indirecte
1486 4700 1593 4756 autem
1619 4703 1751 4776 propter
1827 4735 1842 4745 -

129 4773 344 4852 imperatoris.
360 4771 397 4830 Et
411 4770 566 4840 similiter,
581 4769 607 4828 si
621 4768 737 4844 aliquis
749 4765 844 4826 horno
856 4783 915 4827 co-
965 4767 1211 4847 negligentiam,
1228 4789 1268 4831 ex
1292 4787 1331 4830 eo
1353 4770 1439 4846 qudd
1462 4772 1578 4850 aliquis
1601 4793 1666 4838 non
1681 4779 1750 4840 vult

128 4855 297 4932 gnosceret
310 4849 393 4928 qudd
405 4849 486 4910 ratio
496 4847 637 4908 humana
647 4846 779 4908 dictaret
793 4843 913 4921 aliquid
965 4844 1043 4905 illud
1065 4845 1146 4907 scire
1161 4847 1246 4923 quod
1267 4848 1348 4909 scire
1362 4854 1504 4924 tenetur,
1526 4857 1562 4914 ut
1584 4871 1682 4934 supra
1698 4858 1750 4920 di·-

128 4935 241 4992 conlra
255 4932 449 5008 preceptum
462 4924 531 4998 Dei,
550 4940 615 4985 non
632 4928 793 4984 teneretur
811 4922 915 4982 ratio-
965 4926 1050 4984 ctum
1067 4928 1115 4984 est
1131 4923 1205 4984 ihid.
1459 4987 1466 4996 ,

130 5027 202 5069 ιιειιι
215 5007 323 5086 sequi;
339 5005 394 5068 scd
410 5010 486 5066 tunc
501 5003 584 5065 ratio
602 5020 665 5062 non
680 5000 818 5062 totaliter
830 5005 914 5062 esset
1004 5001 1035 5060 Si
1058 5001 1156 5081 igilur
1170 5004 1251 5064 calio
1265 5004 1315 5066 vel
1334 5006 1528 5070 conscientia
1542 5014 1627 5074 erret
1640 5031 1749 5078 errore

128 5104 254 5148 errans.
278 5085 338 5148 Sed
364 5083 493 5162 quando
521 5082 604 5143 ratio
627 5097 739 5142 errans
764 5077 914 5156 proponit
966 5080 1749 5170 voluntarioveldirectevelindirectepropternc-

128 5165 251 5242 aliquid
277 5169 314 5225 ul
338 5167 531 5242 praeceptum
551 5160 629 5232 Dei,
657 5164 733 5218 tune
757 5156 840 5217 idem
865 5161 915 5217 est
966 5157 1160 5236 gligentiam‚
1172 5161 1248 5237 quia
1261 5166 1309 5222 est
1322 5179 1413 5223 error
1425 5163 1509 5226 circa
1523 5165 1554 5229 id
1575 5169 1659 5246 quod
1673 5173 1747 5249 quis

128 5247 334 5306 contemnere
354 5241 512 5304 dictamen
532 5237 686 5312 rationis,
702 5241 733 5296 ct
752 5235 810 5296 Dei
834 5252 914 5310 pree-
966 5237 1047 5298 scire
1056 5243 1276 5310 tenetur,tunc
1286 5241 1357 5302 talis
1370 5259 1461 5302 error
1472 5244 1604 5308 rationis
1612 5247 1662 5309 vel
1673 5268 1749 5311 con·

129 5327 267 5400 ceptum.
966 5314 1105 5378 scientiae
1119 5334 1183 5377 non
1202 5323 1335 5380 excusat
1351 5321 1429 5398 quin
1443 5323 1590 5388 voluntas
1608 5343 1749 5390 concor-

170 5401 215 5460 Αιι
229 5398 358 5462 tertium
374 5395 541 5458 dicendum
556 5393 641 5474 qued
660 5393 763 5466 ratio,
784 5391 913 5470 quando
966 5391 1045 5455 dans
1066 5395 1182 5455 rationi
1202 5398 1250 5458 vel
1273 5400 1473 5461 conscientias
1498 5403 1545 5463 sic
1565 5405 1684 5466 erranti
1707 5407 1749 5467 sit

128 5477 341 5557 apprehendit
361 5475 482 5555 aliquid
500 5480 535 5536 ut
555 5474 692 5544 malum,
711 5489 837 5549 semper
850 5488 915 5548 ap-
967 5473 1062 5534 mala.
1078 5471 1225 5534 Stantem
1241 5474 1282 5536 sit
1298 5479 1457 5556 errorqui
1471 5487 1580 5542 causet
1595 5481 1748 5544 involun-

128 5556 297 5637 prehcndit
311 5553 388 5615 illud
400 5555 460 5616 suh
474 5551 582 5631 aliqud
596 5551 719 5613 ratione
735 5551 821 5624 mali,
837 5546 913 5628 pute
967 5550 1083 5611 tarium
1100 5595 1108 5623 ,
1131 5554 1321 5632 proveniens
1339 5575 1380 5618 ex
1406 5553 1587 5636 ignorantie
1611 5561 1746 5639 alicujus

127 5641 208 5720 qula
222 5639 439 5702 contrahatur
452 5631 560 5694 divino
580 5634 737 5712 precepto
748 5672 756 5701 ,
769 5629 817 5690 ret
834 5628 913 5705 quia
967 5627 1213 5694 circumstantiae
1224 5635 1345 5711 absque
1357 5635 1442 5695 enini
1455 5637 1658 5727 negligentia,
1671 5642 1746 5701 lunc

127 5723 176 5781 εει
190 5715 389 5788 scandalum,
402 5713 452 5777 vel
466 5717 593 5791 propter
606 5710 736 5788 aliquod
748 5709 913 5788 hujusmo-
967 5707 1040 5770 talis
1053 5726 1144 5772 error
1155 5711 1287 5772 rationis
1305 5715 1354 5774 vel
1378 5717 1578 5775 conscientiae
1592 5721 1745 5788 excusat,

127 5796 180 5872 di;
196 5800 227 5859 ει
240 5801 315 5857 ιιιιιε
328 5793 368 5854 ad
385 5793 478 5854 talem
492 5791 629 5871 speciem
644 5787 910 5850 malitiaarcduei--
965 5789 1000 5846 ut
1021 5786 1168 5850 voluntas
1183 5791 1379 5852 concordans
1402 5791 1517 5852 rationi
1539 5795 1658 5854 erranti
1682 5813 1745 5858 nou

265 5895 398 5956 Sauum.
419 5893 455 5952 tl.
1480 5891 1585 5967 (Sir.)

989 1803 1045 1867 rgo
1065 1788 1212 1848 voluntas
1232 1789 1429 1852 concordans
1449 1792 1544 1854 etiarn
1567 1794 1684 1856 rationi
1698 1813 1749 1858 ar·
1868 1857 1870 1868 ,
