4008 6340
303 343 354 404 251
814 341 944 400 Sb'llllAE
960 340 1186 399 tripotentem
1212 343 1312 402 Pnttta
1333 345 1513 408 SECUNDAE.
1889 363 1926 418 25

304 463 483 524 herroneus
495 473 619 520 narnus.
632 491 669 502 -—
679 455 929 520 Utrtlmcousoet
942 455 1092 538 objectum
1146 451 1220 518 dum
1234 463 1411 538 appetitum
1428 463 1505 528 rerd
1519 464 1702 542 animalem,
1717 487 1758 532 er
1773 469 1838 533 hoc
1853 473 1949 551 quon

346 538 413 599 odii
425 539 466 600 sit
478 536 600 598 motum.
616 536 673 619 -t
687 537 767 629 Mol.
785 545 891 616 quest.
906 535 960 610 12,
974 545 1035 598 nrt.
1051 534 1091 608 t,
1145 551 1247 630 unum
1257 542 1290 600 et
1300 538 1383 631 idem
1400 541 1650 622 apprehenditur
1661 548 1704 609 ab
1721 565 1788 609 uno
1800 553 1867 612 suh
1882 569 1951 614 ra-

345 617 542 786 fflnlmum
554 693 599 756 sic
610 693 804 786 proceditur.
811 693 846 786 .¹·
862 692 996 755 Videtur
1006 691 1092 770 qudd
1145 616 1588 762 2230223;,f¹t·apa1ffi213
1602 631 1726 766 &stiffi
1736 628 1891 768 meter
1905 729 1949 770 er

304 777 462 852 objectum
476 778 507 834 et
521 791 620 836 eausa
632 773 695 835 edri
712 789 779 834 non
793 775 834 834 ert
847 773 978 834 malum.
991 770 1093 835 Omne
1184 791 1297 836 emere.
1314 809 1352 820 -
1366 773 1470 858 (Sep,
1480 787 1587 859 quest.
1603 781 1658 854 28,
1672 791 1734 844 ort.
1747 783 1785 856 6,
1799 786 1846 848 od
1860 787 1881 847 3
1914 798 1947 849 er

303 855 388 914 onim
402 853 487 931 quod
502 855 565 924 cst,
590 853 623 914 in
638 855 796 931 quantum
811 849 1006 988 baffi-remedi,
1029 851 1093 910 bo-
1183 851 1256 992 ins,
1270 860 1331 914 ort.
1343 852 1372 926 3,
1385 873 1486 936 corp..
1500 856 1556 918 etl
1571 870 1668 928 cont..
1683 879 1752 940 cop.
1773 863 1842 944 19.)
1891 832 1901 862 ’

305 951 382 992 num
399 935 457 994 est.
478 933 509 993 Si
530 931 628 1010 igitur
644 929 804 1008 objectum
822 947 842 990 o
864 929 885 989 ir
905 929 946 990 sit
959 930 1090 1002 malurn,
1185 929 1210 992 Α
1255 932 1430 994 secundum
1451 935 1497 998 sie
1519 938 1711 1014 proceditur.
1740 941 1771 1000 l.
1798 942 1946 1006 Videtur

304 1009 450 1087 sequitur
485 1009 547 1070 udd
571 1009 661 1071 nulla
676 1025 727 1069 res
742 1007 814 1069 odio
838 1008 1012 1080 habeatur,
1033 1007 1089 1070 sed
1145 1006 1230 1086 qudd
1251 1025 1343 1072 arnor
1357 1029 1421 1073 non
1436 1014 1477 1074 sit
1491 1030 1590 1077 causa
1608 1017 1682 1078 odii.
1695 1017 1742 1080 Ea
1757 1019 1852 1082 enim
1870 1039 1945 1100 que

303 1085 408 1149 solium
422 1028 562 1150 delectus
584 1087 720 1166 alicujus
742 1087 788 1148 rei
799 1107 807 1161 ;
820 1085 905 1164 quod
919 1087 1006 1164 patet
1020 1104 1092 1149 esse
1145 1104 1187 1148 ex
1205 1087 1356 1180 opposito.
1371 1089 1557 1154 dividuntur
1577 1096 1768 1158 naturaliter
1787 1107 1872 1160 suut
1893 1103 1945 1161 si-

303 1166 429 1229 la'tsnm.
1144 1165 1223 1236 mul,
1239 1171 1275 1226 ut
1291 1167 1407 1230 dicitur
1421 1169 1454 1230 in
1465 1171 1792 1250 Postpraedicamentis
1803 1176 1860 1268 §in
1871 1195 1943 1258 cap.

342 1245 373 1306 2.
395 1247 572 1319 Praeterea,
590 1244 678 1307 odire
698 1244 818 1305 malum
840 1245 889 1304 est
904 1242 1064 1305 laudabile
1081 1263 1089 1304 ε
1143 1243 1183 1304 de
1196 1243 1326 1324 Simul.)
1342 1245 1401 1309 Sed
1414 1265 1504 1310 amor
1517 1250 1680 1325 etodium,
1694 1251 1767 1314 edm
1784 1260 1944 1317 srutcon·

302 1323 389 1384 unde
400 1324 434 1385 in
449 1325 575 1386 laudem
591 1323 804 1403 quorumdam
818 1322 934 1382 dicitur
950 1320 970 1381 2
984 1322 1088 1384 blech.
1143 1322 1255 1395 traria,
1269 1322 1312 1386 eir
1326 1326 1473 1404 opposito
1490 1328 1687 1392 dividuntur.
1699 1331 1787 1412 Ergo
1801 1339 1943 1396 natura-

303 1403 373 1472 ΒΛ,
391 1400 949 1482 quddtcpcroptimdcustodiebontur
960 1409 1092 1480 propter
1143 1399 1217 1461 liter
1234 1405 1310 1463 sunt
1328 1404 1444 1479 simul;
1469 1423 1535 1467 non
1554 1425 1632 1488 ergo
1654 1425 1746 1472 amor
1766 1414 1818 1474 est
1840 1429 1943 1475 causa

304 1482 394 1543 Onioe
407 1481 743 1562 Pontificispietotem,
764 1488 792 1541 et
809 1479 929 1541 animos
947 1479 1019 1540 odio
1033 1478 1092 1540 ltn-
1143 1477 1219 1540 odii.

302 1559 502 1622 beotesmolo.
518 1560 549 1620 Si
560 1559 657 1640 igitur
665 1559 877 1621 nibilodiatur
885 1558 1089 1632 nisimalum,
1182 1557 1213 1617 2.
1235 1559 1412 1634 Praeterea,
1427 1578 1529 1623 unum
1545 1565 1781 1627 contrariorum
1805 1576 1943 1631 nonest

302 1639 450 1717 sequitur
473 1637 559 1717 qudd
585 1655 679 1700 omne
705 1637 815 1700 odium
845 1638 887 1698 sit
911 1635 1088 1712 laudabile;
1143 1651 1239 1698 eausa
1254 1638 1399 1700 ulterius.
1415 1637 1475 1700 Sed
1489 1657 1581 1703 amor
1595 1643 1846 1708 etodiumsunt
1863 1663 1942 1710 con-

301 1717 389 1796 quod
401 1722 489 1797 patet
500 1735 571 1780 esse
586 1716 713 1780 salsum.
1144 1715 1254 1776 traria.
1267 1715 1364 1797 Ergo,
1378 1721 1439 1778 eto.

340 1795 371 1857 3.
393 1798 561 1868 Praeterea,
576 1795 660 1858 idem
673 1813 741 1856 non
756 1798 804 1858 est
817 1793 913 1855 simul
930 1794 1091 1856 bonumet
1181 1793 1212 1853 3.
1234 1794 1402 1869 Praeterea,
1418 1796 1576 1874 posterius
1587 1816 1653 1861 nou
1665 1804 1714 1862 est
1726 1819 1829 1864 eausa
1845 1803 1942 1882 prio-

241 1923 244 1930 .
301 1876 433 1936 malum.
450 1873 509 1935 Sed
524 1874 606 1934 idem
621 1873 754 1935 diversis
770 1881 819 1934 est
837 1871 1091 1934 odibileetama·
1142 1872 1187 1934 ris
1215 1871 1274 1933 Sed
1295 1873 1403 1934 odium
1418 1878 1467 1935 est
1484 1876 1574 1954 prius
1591 1893 1718 1954 amore,
1731 1885 1767 1942 ut
1786 1882 1938 1954 videtnr3

302 1952 378 2015 bile.
392 1953 478 2032 Ergo
498 1952 608 2013 odium
630 1969 696 2012 non
717 1949 822 2014 soldm
845 1954 894 2012 est
915 1951 1010 2024 mali,
1033 1951 1090 2014 sed
1143 1951 1337 2013 namodium
1352 1952 1502 2033 importat
1516 1955 1826 2032 recessumamzno,
1845 1976 1939 2022 arnor

302 2031 398 2093 etiam
411 2030 496 2093 boni.
1143 2028 1219 2090 verd
1229 2046 1393 2092 accessum
1407 2031 1445 2093 ad
1459 2033 1589 2096 bonnm.
1599 2035 1685 2115 Ergo
1699 2053 1792 2100 amor
1808 2056 1880 2100 non
1892 2045 1939 2099 est

340 2109 399 2171 Sed
414 2115 536 2182 eontra,
554 2107 663 2170 odium
676 2107 894 2170 contrariatur
907 2107 1019 2169 autori.
1031 2107 1090 2170 Sed
1143 2125 1241 2170 causa
1253 2108 1327 2170 odii.

302 2187 460 2267 obiectum
474 2189 592 2250 amoris
608 2187 796 2262 estbonum,
811 2191 958 2264 utsupra
971 2185 1090 2248 dictum
1182 2185 1422 2252 Sedcontraost
1456 2188 1519 2249 uod
1533 2189 1820 2273 dicithugustinus
1842 2195 1884 2256 lt
1901 2195 1940 2257 de
1995 2228 1996 2256 t

303 2271 362 2338 est,
376 2270 489 2344 quaest.
505 2265 556 2341 26,
569 2269 630 2328 art.
647 2265 676 2327 ί.
693 2266 779 2346 Ergo
796 2265 955 2346 objectum
970 2265 1032 2326 odii
1043 2271 1090 2328 est
1142 2264 1236 2327 Cirit.
1253 2266 1326 2338 Dei,
1347 2283 1417 2344 cap.
1432 2205 1454 2328 l
1469 2270 1501 2328 et
1515 2268 1552 2340 9,
1567 2270 1651 2348 qudd
1667 2291 1769 2332 omnes
1784 2273 1939 2354 affectio·
1995 2293 1996 2300 ¹

302 2345 435 2406 malum.
1141 2347 1654 2428 hocconsenturrmcmoreAErgo
1673 2351 1848 2424 etodium,
1866 2349 1937 2412 ciam
1995 2403 1996 2406 ,

341 2421 529 2502 Respondeo
552 2422 722 2485 dicendum
742 2421 829 2503 qudd
842 2417 914 2484 calm
929 2421 1089 2500 appetitus
1143 2423 1184 2483 sit
1216 2423 1362 2500 quaedam
1393 2421 1518 2486 allectio
1545 2429 1679 2504 animae,
1709 2433 1869 2492 causatur
1896 2446 1936 2491 ex

302 2502 458 2564 naturalis
475 2501 687 2564 deriveturab
698 2499 1088 2581 aliquaapprebensione,
1142 2516 1264 2563 amore.
1790 2545 1796 2550 -

301 2578 374 2642 lieet
389 2579 643 2660 nonconjuneta‚
659 2581 770 2644 eadem
783 2581 867 2642 ratio
881 2578 1090 2642 videturesse
1181 2579 1369 2658 Respondeo
1390 2580 1558 2644 dicendum
1579 2583 1684 2663 qudd,
1703 2584 1786 2646 sieut
1808 2584 1935 2647 dictum
1995 2581 1996 2602 ³

300 2658 339 2720 de
356 2659 563 2722 inclinatione
584 2659 743 2738 appetitus
758 2657 917 2721 naturalis
941 2661 1092 2736 ctappe-
1142 2661 1206 2732 cst,
1229 2661 1290 2720 art.
1315 2677 1422 2736 praec..
1447 2677 1539 2722 amor
1562 2663 1708 2725 consistit
1732 2664 1765 2725 in
1791 2663 1936 2743 quadam

300 2736 377 2800 titds
392 2739 553 2808 animalis,
568 2737 624 2816 qui
639 2739 786 2816 sequitur
799 2736 1089 2816 apprehensionem
1142 2737 1369 2800 convenientia
1397 2739 1532 2800 amantis
1560 2739 1600 2802 ad
1633 2745 1795 2814 amatum3
1823 2742 1935 2803 odium

301 2816 518 2896 conjunctam,
535 2817 619 2878 siout
633 2835 732 2894 supra
746 2816 867 2879 dietum
882 2819 942 2890 est,
956 2833 1010 2894 qu.
1027 2816 1088 2890 26,
1143 2815 1220 2878 verb
1243 2816 1389 2878 consistit
1411 2817 1443 2878 in
1473 2817 1611 2896 quadam
1635 2818 1855 2900 repugnantia
1888 2819 1936 2881 rel

301 2898 362 2956 art.
380 2895 408 2956 t.
423 2895 461 2957 lu
475 2897 620 2974 appetitu
634 2899 742 2957 autem
758 2894 898 2956 naturali
911 2893 972 2956 hoc
987 2895 1090 2958 mani·
1141 2892 1351 2956 dissonantia.

300 2972 379 3035 lestd
393 2979 538 3052 apparet,
552 2973 637 3052 qudd
657 2973 739 3035 sicut
759 2972 1013 3050 unumquodque
1028 2973 1091 3034 ha·
1180 2971 1313 3052 Oportet
1335 2972 1489 3035 antemio
1510 2975 1654 3053 quolibet
1671 2971 1760 3054 priris
1781 2975 1936 3038 conside-

300 3053 353 3114 bet
365 3053 545 3114 naturalem
560 3051 804 3114 consonantiam
819 3051 870 3112 vel
880 3051 1089 3128 aptitudinem
1141 3067 1215 3114 rare
1233 3050 1311 3130 quid
1333 3051 1362 3112 ei
1379 3054 1548 3114 conveniat
1566 3052 1665 3132 quam
1684 3054 1760 3133 quid
1779 3055 1810 3116 ei
1829 3071 1937 3134 repu-

299 3131 341 3192 nd
358 3131 389 3190 id
409 3130 495 3210 quod
512 3131 573 3192 sibi
595 3129 761 3202 convenit,
777 3147 848 3208 qua
863 3135 910 3192 est
923 3147 1089 3193 amorne·-
1141 3135 1232 3210 gnet3
1245 3148 1304 3209 per
1315 3129 1375 3191 boe
1392 3130 1476 3190 enim
1490 3131 1611 3210 aliquid
1624 3136 1673 3195 est
1682 3149 1874 3214 repugnans
1889 3135 1936 3196 al·

301 3209 426 3283 tutelis,
440 3208 485 3273 ita
496 3209 536 3272 ad
547 3209 577 3269 id
590 3206 677 3286 quod
686 3212 734 3270 cst
746 3226 930 3288 repugnans
938 3214 969 3270 et
978 3227 1089 3272 corru-
1141 3209 1213 3282 teri,
1236 3210 1314 3288 qnia
1334 3211 1383 3270 est
1399 3211 1617 3288 corruptivum
1635 3211 1686 3274 vel
1710 3211 1933 3290 impeditivum

300 3287 435 3366 ptirum,
448 3288 545 3350 hahet
558 3287 790 3350 dissonantiam
806 3288 998 3355 naturalem.
1016 3305 1089 3366 quae
1141 3285 1210 3367 ejus
1231 3287 1317 3365 quod
1332 3291 1380 3348 est
1401 3289 1606 3352 conveniens.
1624 3289 1713 3352 Unde
1734 3307 1869 3353 necesse
1887 3297 1933 3353 est

300 3365 473 3428 estodium
496 3367 654 3430 naturale.
677 3365 728 3428 Sic
740 3367 837 3446 igitur
848 3371 879 3428 et
892 3367 925 3426 in
943 3367 1088 3444 appetitu
1141 3366 1330 3444 quddamor
1343 3366 1384 3427 sit
1408 3368 1496 3445 prior
1508 3367 1599 3442 odio,
1620 3366 1842 3447 etquddnihil
1859 3369 1933 3431 odio

299 3446 432 3508 animali
447 3463 505 3507 seu
518 3445 1088 3518 intellectiroamorestconsonantia
1140 3443 1313 3516 habeatnr,
1333 3444 1394 3506 nisi
1420 3446 1481 3508 boc
1504 3446 1591 3525 quod
1617 3447 1835 3510 contrariatur
1855 3465 1932 3510 con·

301 3523 446 3601 quedam
461 3523 620 3618 appetitus
634 3523 673 3586 ad
688 3523 719 3584 id
737 3525 823 3602 qnod
837 3523 1088 3602 apprehenditur
1141 3524 1279 3587 venienti
1292 3523 1377 3602 quod
1392 3528 1529 3586 amatur.

302 3605 338 3664 nt
359 3619 568 3674 couveniens3
587 3602 695 3665 odium
718 3604 795 3665 vend
819 3608 868 3664 cst
888 3602 1087 3666 dissonantia
1178 3601 1218 3664 Et
1238 3598 1412 3664 seeundum
1434 3603 1495 3666 boe
1514 3619 1609 3666 omne
1630 3601 1739 3666 odium
1760 3619 1801 3666 ex
1821 3619 1932 3666 amore
1993 3673 1994 3678 .

300 3681 445 3758 quaedam
460 3680 618 3760 appetitas
635 3681 673 3743 ad
684 3680 717 3742 id
731 3681 817 3760 quod
836 3681 1087 3760 apprehenditur
1140 3684 1303 3743 causatur.
1993 3721 1994 3758 p

301 3763 336 3821 ut
349 3777 532 3840 repugnans
546 3765 576 3822 et
588 3761 749 3822 nocivum.
1178 3759 1225 3820 hd
1240 3760 1378 3838 primum
1394 3777 1470 3838 ergo
1482 3759 1648 3822 dicendum
1659 3758 1743 3839 qudd
1756 3758 1789 3821 in
1801 3760 1841 3823 iis
1858 3779 1932 3840 qua
1993 3759 1994 3779 *

339 3838 425 3900 Sicut
439 3844 547 3901 autem
559 3855 654 3902 omne
669 3837 917 3911 conveniens,in
929 3842 1086 3917 quantum
1139 3857 1180 3900 ex
1193 3839 1340 3917 opposito
1352 3836 1547 3910 dividuntur,
1560 3839 1706 3918 quaedam
1721 3839 1932 3900 inveniuntur

299 3916 493 3996 hujusmodi,
517 3919 613 4011 habet
635 3919 794 3980 rationem
808 3917 883 4010 honi
897 3937 905 3990 3
923 3917 967 4012 ita
991 3934 1086 3980 omne
1138 3935 1211 3996 qua
1225 3921 1301 3979 sunt
1311 3917 1501 4014 naturaliter
1515 3917 1657 4011 simulet
1670 3914 1847 3978 secundum
1861 3936 1929 4010 rem

298 4012 565 4149 {attilani
583 3994 1087 4156 blndititbttbltld
1138 3997 1375 4148 {indidisti
1394 3995 1929 4154 attaneantistatae

300 4153 581 4228 etumamoris‚ita
593 4154 706 4216 motum
716 4159 764 4216 est
776 4154 934 4233 objectum
949 4153 1024 4213 odii.
1138 4152 1214 4214 verd
1240 4156 1317 4215 sunt
1345 4152 1441 4214 simul
1468 4148 1643 4214 secundrlm
1665 4153 1845 4226 rationem,
1871 4151 1928 4214 sed

339 4231 386 4293 ud
407 4233 545 4311 primum
566 4249 643 4312 ergo
663 4232 831 4294 dicendum
857 4230 942 4310 qndd
968 4249 1036 4305 ens,
1053 4233 1085 4295 in
1136 4249 1239 4293 unum
1251 4231 1380 4295 realiter
1394 4237 1442 4293 est
1460 4232 1551 4324 prius
1566 4233 1668 4294 altero
1684 4232 1716 4294 et
1729 4229 1830 4293 causa
1844 4230 1926 4310 ejus,

299 4313 458 4404 qnantum
473 4329 542 4383 ens,
553 4311 722 4373 nonhabet
733 4310 890 4372 rationem
902 4328 1085 4389 repugnan·
1137 4311 1220 4373 sient
1234 4315 1320 4390 patet
1332 4310 1364 4371 in
1383 4312 1549 4388 speciebus
1561 4325 1786 4384 numerorum,
1799 4308 1928 4389 ligura-

298 4392 352 4460 trs,
363 4390 417 4452 sed
430 4392 531 4471 magis
549 4390 780 4460 convenientis,
792 4388 868 4466 quia
885 4389 992 4450 omnia
1006 4407 1086 4452 con-
1136 4407 1210 4450 rum
1224 4395 1255 4452 et
1270 4393 1433 4458 motuum3
1448 4389 1593 4468 quedam
1606 4388 1684 4452 verd
1702 4405 1770 4450 uon
1790 4391 1866 4449 sunt
1879 4388 1928 4448 si-

299 4469 433 4530 reniunt
449 4469 481 4529 in
492 4473 582 4540 ente3
601 4467 655 4531 sed
671 4468 782 4536 ens,in
793 4471 949 4544 quantum
964 4471 1011 4528 ost
1024 4468 1085 4532 boc
1136 4469 1204 4528 mul
1220 4485 1281 4530 nec
1299 4466 1473 4530 secundum
1493 4483 1579 4540 rem,
1597 4485 1655 4530 nec
1675 4460 1853 4528 secunddm
1869 4481 1928 4527 ra-

298 4564 356 4609 ens
369 4547 625 4620 determinatum,
635 4545 894 4608 babetrationem
903 4563 1085 4626 repugnan·
1136 4547 1274 4620 tionem,
1301 4545 1383 4608 sicut
1405 4547 1584 4609 substantia
1605 4550 1636 4606 et
1660 4543 1825 4614 accidens;
1849 4559 1923 4606 narr

298 4625 338 4686 tis
349 4625 388 4688 ad
405 4625 536 4704 aliquod
557 4642 614 4686 ens
639 4623 904 4696 determinatum
919 4629 951 4686 et
965 4643 1085 4686 secun-
1136 4625 1317 4688 substantia
1340 4623 1470 4686 realiter
1494 4629 1544 4686 est
1565 4639 1662 4686 causa
1687 4621 1921 4694 accidentiszrt

298 4701 374 4765 ddm
396 4705 574 4768 bocunum
589 4720 646 4766 ens
661 4703 839 4766 estodihile
860 4703 969 4776 alteri,
991 4707 1023 4766 et
1037 4708 1085 4766 est
1136 4721 1193 4766 ens
1224 4698 1399 4766 secundum
1429 4701 1586 4765 rationem
1617 4698 1707 4781 priris
1737 4700 1922 4763 attribuitm

298 4785 431 4858 malum,
449 4783 508 4845 etsi
528 4799 594 4843 non
611 4781 643 4842 in
658 4800 706 4855 sc,
720 4787 828 4846 tamen
843 4799 900 4861 per
914 4797 1085 4861 compara-
1136 4783 1323 4845 substantio
1346 4777 1443 4858 quam
1469 4780 1642 4854 accidenti,
1665 4777 1745 4858 quia
1766 4775 1924 4841 accidenti

296 4863 418 4925 tionem
432 4861 471 4924 ad
486 4861 635 4924 alterum.
1134 4878 1201 4923 non
1213 4859 1398 4924 attribuitur
1413 4858 1476 4920 nisi
1492 4859 1528 4940 in
1548 4865 1707 4937 quantum
1723 4861 1772 4920 est
1790 4857 1823 4917 in
1844 4857 1923 4917 suh·

336 4941 384 5003 Ad
400 4937 858 5018 secundumdicendumqudd
873 4939 1082 5018 sicutaliquid
1135 4937 1264 5002 stantia.
1289 4940 1389 4999 Amor
1410 4939 1519 4998 autem
1543 4940 1575 4998 et
1599 4936 1707 4997 odium
1732 4935 1923 4997 naturaliter

297 5019 548 5100 apprehenditur
560 5022 597 5079 nt
610 5019 747 5089 bonum,
763 5019 849 5096 quod
867 5037 932 5080 non
947 5019 1083 5082 estsere
1134 5017 1263 5098 quidem
1282 5019 1357 5078 sunt
1372 5014 1468 5077 simul
1482 5010 1656 5076 secunddm
1672 5013 1851 5087 rationem,
1869 5011 1922 5075 sed

297 5101 430 5172 bonum,
445 5098 489 5161 ita
499 5096 623 5175 aliquid
635 5096 885 5175 apprehenditur
895 5099 932 5159 ut
942 5099 1082 5170 malum,
1134 5114 1201 5160 nou
1223 5094 1363 5158 realiter.
1384 5091 1473 5155 Unde
1497 5093 1579 5154 nihil
1606 5092 1756 5172 prohihet
1779 5106 1923 5154 amorem

298 5177 384 5256 quod
398 5193 463 5238 non
482 5178 531 5238 est
551 5175 626 5237 vere
651 5175 790 5250 malum;
816 5175 900 5238 unde
927 5177 1084 5256 contingit
1134 5192 1206 5238 esse
1217 5189 1348 5237 causam
1362 5171 1438 5233 odii.

298 5253 492 5335 quandoque
504 5253 679 5318 uecodium
692 5253 768 5316 mali
779 5271 838 5316 nec
851 5269 993 5317 amorem
1006 5255 1082 5318 boni
1173 5251 1222 5316 hd
1251 5249 1426 5314 secundum
1458 5249 1626 5312 dicendum
1660 5248 1747 5329 qndd
1773 5263 1867 5312 amor
1890 5244 1923 5308 et

298 5334 515 5395 essebonum.
1134 5331 1242 5393 odium
1263 5331 1340 5392 sunt
1357 5328 1537 5402 contraria,
1564 5328 1694 5406 quando
1720 5328 1924 5406 accipiuntur

338 5411 385 5473 td
399 5411 529 5473 tertium
547 5409 717 5475 dicendum
729 5409 817 5490 qudd
831 5409 987 5490 contingit
998 5409 1082 5472 idem
1134 5410 1221 5474 circa
1239 5407 1339 5482 idem;
1359 5405 1415 5468 sed
1435 5407 1565 5484 quando
1582 5409 1658 5468 sunt
1675 5407 1715 5468 de
1734 5403 1921 5476 contrariis,

297 5507 368 5554 esse
389 5489 526 5554 amabile
546 5495 576 5551 et
598 5490 715 5553 odibile
731 5489 882 5564 dirersis,
907 5485 1081 5551 secundum
1134 5505 1200 5550 non
1225 5490 1303 5550 sunt
1318 5485 1497 5559 contraria,
1513 5485 1568 5547 sed
1589 5501 1624 5546 se
1645 5485 1781 5548 invicem
1803 5501 1924 5550 conse-

296 5572 472 5651 appctitum
493 5570 621 5650 quidem
642 5571 833 5644 naturalem,
850 5586 891 5631 ex
913 5567 974 5630 boe
996 5568 1083 5647 qued
1133 5566 1287 5647 quentla;
1316 5563 1459 5643 ejusdem
1485 5563 1572 5625 enim
1596 5563 1731 5627 rationis
1756 5568 1806 5626 est
1836 5561 1923 5644 quod

296 5667 398 5712 unum
416 5653 447 5712 et
461 5649 545 5712 idem
560 5651 609 5711 est
623 5648 816 5712 conveniens
831 5647 887 5708 nni
907 5644 1083 5708 secundum
1134 5649 1259 5710 ametur
1272 5642 1411 5722 aliquid,
1425 5645 1457 5704 et
1470 5641 1598 5706 odiatur
1618 5641 1688 5723 ejus
1703 5641 1921 5710 eontrarium

296 5747 388 5792 suam
403 5733 563 5800 naturam,
578 5731 610 5788 et
618 5743 803 5805 repugnans
818 5725 923 5799 alteri,
937 5727 1082 5788 sicutca-
1133 5728 1166 5787 et
1186 5725 1233 5786 sic
1246 5740 1337 5786 amor
1357 5721 1455 5783 unius
1478 5721 1526 5785 rei
1548 5726 1598 5786 est
1621 5735 1722 5790 nanu
1745 5719 1837 5801 qued
1853 5719 1922 5800 eju

297 5809 347 5871 tor
356 5807 505 5874 convenit
519 5807 597 5885 igni,
612 5813 641 5866 et
659 5810 816 5884 repugnat
830 5821 942 5882 aqum
959 5821 1082 5867 sccun-
1135 5802 1331 5865 contrarium
1346 5800 1481 5863 odiatur.
