4038 6350
271 321 325 382 m
392 354 397 369 .
730 323 857 382 suanm
877 321 1103 381 ttteotdntcm
1122 323 1226 380 Pllllld
1243 323 1424 382 SECUNDAE.
1553 359 1558 368 ·
1832 337 1873 394 t'tt
1965 289 1966 302 ἶ

271 437 404 501 molatio
419 437 549 515 Christi,
562 436 739 500 secunddm
753 437 830 500 lllud
841 437 855 498 1
866 435 905 499 ad
915 435 1058 498 Corinth.
1113 435 1154 498 lit
1167 438 1208 499 ab
1222 435 1291 500 istis
1312 438 1541 516 pollutionibus
1561 441 1807 520 purificabantur
1820 448 1873 510 bo-

270 513 303 582 d.
319 517 356 576 t:
372 516 829 580 Posebonostrnmimmolotus
843 525 887 578 cst
901 516 1057 580 Christus.
1113 516 1214 578 mines
1236 534 1295 595 per
1318 517 1428 595 abque
1452 517 1609 583 saerilicia
1622 522 1673 582 vel
1686 529 1874 591 oommuniter

271 593 1057 688 Sanguisverdagniliberansaberterminatore‚
1113 597 1221 658 oblata
1240 612 1298 672 pro
1324 595 1390 658 toiri
1410 596 1624 671 multitudine,
1641 601 1691 662 vel
1717 603 1805 664 etiam
1845 625 1874 670 m

272 673 373 736 linitis
390 674 690 752 superliminaribus
707 675 886 744 domorum,
903 673 1061 753 significat
1112 675 1250 752 peccatis
1264 674 1484 752 singulorum
1502 694 1567 737 nou
1577 677 1662 756 qudd
1672 679 1818 746 sacrificia
1830 687 1875 752 rita

272 751 368 820 iidem
380 752 540 832 passionis
553 753 669 814 Christi
685 753 719 814 in
741 754 836 816 corde
861 758 894 816 et
910 770 966 813 ore
980 751 1061 812 fide-
1112 753 1256 815 carnalia
1271 752 1426 814 haberent
1447 771 1490 816 ex
1509 757 1622 832 seipsis
1638 757 1782 820 virtutem
1796 765 1876 840 expi-

271 831 373 906 linm,
404 849 462 910 ρετ
491 847 589 910 quam
621 829 839 894 liberamnrd
866 836 997 909 peccato
1030 834 1061 892 et
1112 831 1876 918 andipeccatum;sedquiasignilicabanterpia·

271 915 392 981 morte,
409 909 585 974 secunddm
599 910 678 972 illud
691 911 706 971 l
720 911 804 973 Petr.
820 910 850 980 1,
864 909 901 970 tt
914 929 922 968 s
934 907 1061 970 Redem-
1113 909 1232 970 tionem
1255 913 1460 987 peecatorum
1483 911 1624 974 laturam
1646 931 1704 992 per
1725 914 1875 992 Christum,

270 987 321 1069 pti
336 988 444 1050 estis...
453 989 593 1067 pretibso
604 988 756 1068 scapulae
765 989 847 1068 April
856 987 1058 1051 immaculati.
1114 987 1206 1064 cujus
1221 988 1392 1066 participes
1412 993 1506 1050 erant
1527 989 1623 1052 etiam
1647 992 1770 1084 antiqui
1782 1001 1877 1072 prote-

272 1063 648 1130 Comedebaniurautem
673 1084 785 1129 carnes
804 1068 865 1130 illa
881 1065 920 1128 ad
935 1066 1062 1145 signiti-
1113 1069 1233 1128 stantes
1248 1065 1342 1128 iidem
1357 1067 1574 1146 Redemptoris
1590 1069 1623 1129 in
1644 1068 1754 1150 liguris
1773 1075 1878 1134 sacriti-

272 1145 410 1206 candum
420 1164 511 1208 esum
520 1146 664 1226 eorporis
676 1145 793 1208 Christi
805 1147 1057 1208 insacramcnto.
1112 1142 1247 1205 ciorum.
1262 1143 1288 1205 d
1301 1145 1389 1206 cultu
1402 1145 1479 1208 τετὸ
1486 1147 1639 1209 exteriori
1648 1149 1878 1227 impediebantur

271 1221 374 1286 Erant
399 1229 507 1286 autem
531 1241 613 1287 assa
637 1223 722 1304 igni,
750 1225 789 1287 ad
820 1222 1061 1304 significandam
1114 1221 1259 1284 homines
1274 1239 1332 1302 per
1347 1224 1503 1301 quasdam
1518 1225 1877 1306 immunditiascorpora-

297 1302 462 1366 assianum
479 1304 530 1365 vel
553 1304 742 1365 charitatem
766 1303 895 1365 Christi.
911 1301 1062 1364 Comede·
1113 1299 1178 1372 les3
1204 1317 1276 1377 qum
1297 1301 1426 1379 quidem
1445 1302 1549 1380 primd
1562 1303 1838 1368 considerabuntur
1849 1310 1875 1369 in

318 1383 394 1444 ntur
404 1385 512 1443 autem
522 1400 594 1443 cum
606 1383 727 1461 azymis
745 1383 882 1461 panibus
895 1380 934 1443 ad
955 1381 1062 1460 signi·
1113 1377 1310 1453 bominibus,
1335 1385 1366 1442 et
1391 1385 1627 1460 consequenter
1648 1383 1746 1445 etiam
1767 1383 1798 1446 in
1818 1386 1876 1449 aliis

272 1455 559 1538 licendumpuram
570 1461 846 1528 conversationem
856 1459 997 1526 fidelium
1007 1477 1062 1520 sue
1113 1457 1319 1531 animalibus,
1333 1462 1364 1519 et
1378 1457 1411 1520 in
1426 1461 1634 1532 vestimentis,
1649 1464 1683 1524 et
1695 1461 1841 1536 domibus,
1853 1471 1877 1526 et

272 1537 428 1599 mentium
438 1555 554 1617 corpus
569 1537 706 1606 Christi.
722 1536 898 1600 secunddm
910 1537 1061 1600 illudlad
1113 1535 1212 1597 vasis.
1228 1535 1265 1597 ln
1287 1537 1470 1600 bominibus
1487 1538 1615 1616 quidem
1630 1539 1823 1602 immunditia
1834 1560 1877 1603 re-
1967 1561 1968 1576 ¹

273 1615 347 1676 Cor.
363 1615 393 1689 5,
407 1615 427 1677 8
443 1637 452 1676 c
466 1617 643 1697 Epulemur
654 1607 815 1698 iacrymis
827 1617 1019 1678 sinceritatis
1033 1625 1062 1677 et
1113 1615 1548 1706 puta'baturpartimquidem
1561 1636 1603 1678 ex
1616 1617 1695 1696 ipsis
1706 1619 1876 1694 bominibus,
1967 1603 1968 1650 ³

268 1694 425 1757 veritatis.
443 1697 589 1759 Laetum
614 1701 722 1760 autem
738 1701 881 1776 agrestes
899 1694 1062 1757 addeban-
1113 1698 1230 1770 param
1252 1699 1359 1755 autem
1375 1713 1418 1756 cx
1430 1699 1579 1758 contactu
1592 1714 1703 1758 rernm
1717 1697 1877 1760 immunda-

271 1777 328 1840 ωε
341 1773 375 1834 in
395 1774 524 1867 signum
537 1775 731 1868 poertiteutite
744 1779 964 1854 peccatorum,
989 1791 1062 1866 quaa
1114 1787 1197 1832 rum.
1213 1772 1260 1832 llx
1280 1772 1357 1850 ipsis
1372 1776 1479 1868 autem
1498 1774 1684 1836 bominibus
1704 1775 1878 1870 immundum

264 1852 1078 2011 ttttttttlttltttltlttttttltdlt}t:.
1113 1852 1877 2010 tttttlt‘tththltdtltlddsltttt

273 2009 361 2070 tatis.
372 2010 596 2073 Calceamenta
608 2014 715 2072 autem
738 2009 855 2089 pedum
868 2015 944 2071 sunt
955 2027 1063 2071 exem·

298 2087 340 2152 la'
355 2093 557 2152 mortuorum
583 2093 723 2168 patrum.
748 2089 858 2150 Baculi
873 2092 982 2150 autem
996 2089 1063 2150 ha-

273 2105 370 2232 flendi
401 2168 433 2228 in
464 2167 613 2234 manibus
651 2166 835 2247 significant
867 2167 1062 2245 pastoralem

274 2245 464 2308 custodiam.
480 2247 668 2326 Praecipitur
690 2251 798 2309 autem
826 2245 912 2324 qubd
941 2245 975 2306 in
997 2243 1064 2308 und

273 2321 369 2386 domo
386 2342 489 2404 agnus
503 2325 664 2403 paschalis
679 2323 876 2398 comedatur,
902 2324 934 2384 id
958 2327 1008 2386 est
1028 2323 1062 2384 in

271 2402 417 2466 Ecclesia
430 2403 686 2478 catholicorum,
699 2421 766 2468 non
783 2405 818 2466 in
831 2403 1062 2468 conventiculis

273 2479 511 2548 hereticorum.

315 2559 363 2620 Ad
378 2561 506 2624 tertium
516 2561 685 2623 dicendum
699 2560 785 2640 qndd
795 2561 942 2640 quadam
955 2577 1063 2625 sacra-

273 2644 383 2702 menta
408 2657 501 2704 norm
526 2641 604 2720 legis
626 2640 810 2704 habuerunt
831 2641 866 2700 in
881 2640 979 2702 veteri
993 2639 1063 2719 lege

274 2723 478 2782 sacramenta
502 2718 651 2812 figuralia
676 2720 736 2781 sibi
767 2717 1061 2796 correspondentia.

273 2793 354 2862 Nam
366 2797 602 2860 circumcisioni
624 2797 796 2876 respondet
806 2797 1063 2875 baptismus‚qui

228 2953 230 2958 Ι
274 2879 324 2938 est
338 2875 408 2938 lidei
420 2881 669 2938 sacramentum.
682 2876 770 2938 Unde
793 2877 910 2938 dicitur
934 2875 974 2937 ad
992 2874 1061 2937 Col.

272 2951 306 3028 a,
320 2954 356 3015 11
370 2974 377 3014 ε
391 2954 578 3020 Ciromncisi
593 2954 665 3016 estis
686 2956 721 3017 itt
743 2954 980 3018 circumcisione
998 2955 1064 3015 Do-

273 3033 468 3096 miainostri
481 3035 558 3095 lesu
569 3033 701 3102 Christi,
724 3033 899 3115 consepulti
916 3033 945 3096 ei
957 3032 994 3094 t‘n
1012 3031 1064 3094 bo-

274 3112 567 3193 pttsmodonvivto
580 3113 655 3174 verb
664 3113 738 3194 agni
753 3113 914 3191 paschalis
926 3127 1066 3190 respon-

276 3190 330 3252 det
342 3190 376 3252 in
396 3189 482 3254 nord
495 3191 566 3270 lege
590 3196 828 3254 sacramentnm
842 3190 1062 3256 Eucharistiae.

275 3269 433 3332 Omnibus
447 3274 556 3332 autem
565 3269 842 3347 purificationibus
853 3270 969 3332 veteris
983 3270 1063 3350 legis

273 3348 448 3425 respondet
471 3349 505 3410 in
517 3347 602 3414 noval
618 3349 688 3428 loge
708 3356 945 3414 sacramentum
964 3348 1065 3426 poeni-

274 3427 395 3488 tentia.
414 3425 662 3494 Consecratione
675 3430 783 3488 autem
797 3427 955 3506 pontilicis
969 3432 1000 3488 et
1013 3443 1065 3490 sa-

275 3505 442 3568 cerdotum
466 3505 638 3584 respondet
664 3511 903 3568 sacramentum
928 3504 1062 3566 ordinis.

274 3583 482 3649 sacramento
505 3589 612 3652 autem
637 3583 901 3658 confirmationis,
915 3583 1002 3662 quod
1016 3587 1065 3646 est

275 3662 728 3742 sacramentumplenitudinis
766 3665 866 3737 ratim,
884 3680 949 3725 non
959 3667 1065 3740 potest

274 3740 474 3821 respondere
486 3743 520 3802 in
530 3743 630 3804 veteri
645 3742 716 3822 lege
731 3681 861 3820 affiquod
877 3757 1065 3806 sacramen-

273 3827 355 3897 tum,
374 3823 453 3900 qnia
467 3817 609 3882 nonddm
621 3820 794 3886 advenerat
816 3826 940 3898 tempus
954 3820 1065 3897 pleni-

274 3900 408 3973 tudinis,
421 3900 461 3963 eb
482 3899 568 3979 quod
591 3899 741 3961 neminem
768 3899 810 3992 (t)
833 3899 874 3960 od
895 3899 1065 3979 perfectum

276 3978 413 4044 morteto
427 3980 497 4048 tem,
513 3980 611 4039 Hebr.
622 3979 654 4049 7,
669 3979 717 4039 19.
734 3977 885 4040 Similiter
900 3983 1007 4040 autem
1033 3983 1065 4041 et

276 4063 481 4120 sacramento
503 4061 655 4120 extremm
677 4057 865 4129 unctionis,
898 4056 983 4134 quod
1017 4061 1066 4120 est

276 4135 424 4214 quaedam
439 4136 623 4200 immediata
638 4135 830 4213 preparatio
843 4136 883 4198 ad
898 4135 1065 4198 introitum

279 4213 408 4294 gloria,
422 4214 514 4293 cujus
531 4214 656 4276 additus
667 4212 808 4274 nonddm
821 4217 950 4292 patebat
964 4213 997 4274 in
1013 4234 1065 4277 ve-

279 4293 341 4356 tori
356 4292 446 4372 lege,
460 4293 565 4372 pretio
589 4290 731 4352 nondtlm
756 4293 872 4354 soluto.
897 4294 1067 4356 blatrimo*

277 4369 369 4436 nium
380 4375 489 4433 autem
504 4369 565 4432 luit
574 4370 703 4449 quidem
715 4371 749 4430 in
760 4372 859 4433 veteri
873 4372 956 4452 lege,
968 4376 1066 4449 prout

276 4449 391 4516 eratin
406 4450 547 4516 officium
564 4455 699 4520 naturae,
712 4466 777 4511 non
791 4455 899 4512 autem
914 4455 1067 4528 proutost

277 4533 518 4594 sacramentum
530 4526 767 4608 conjunctionis
782 4527 899 4590 Christi
912 4533 944 4591 et
956 4530 1066 4592 Eccle-

277 4605 594 4687 ermeneumata
613 4611 682 4669 erat
705 4607 800 4671 tacta.
813 4607 901 4670 Unde
918 4612 950 4670 et
964 4608 998 4668 in
1013 4627 1067 4670 ve-

277 4686 338 4752 teri
355 4685 425 4769 lege
442 4686 579 4750 dabatur
600 4686 727 4748 libellus
747 4687 888 4765 repudii,
910 4688 996 4765 quod
1018 4691 1067 4750 est

278 4771 391 4828 contra
404 4765 598 4834 sacramenti
618 4765 787 4827 rationem.

318 4845 365 4904 hd
381 4848 535 4923 quartum
559 4842 727 4905 dicendum
748 4843 845 4922 quod,
861 4843 944 4906 sicut
967 4863 1067 4922 supra

277 4921 473 4996 dictumest,
492 4923 524 4983 in
544 4939 633 5000 corp,
654 4925 728 4994 art,
753 4921 992 5000 purificationes
1011 4943 1068 4986 ve-

226 5013 228 5020 ’
277 4999 356 5062 teris
368 5000 447 5080 legis
459 5001 692 5064 ordinabantur
706 5001 745 5062 ad
763 5002 990 5065 removendum
1008 5003 1068 5064 im·

278 5079 458 5158 pedimenta
474 5078 578 5143 cultds
591 5080 709 5151 divinit
724 5080 780 5159 qui
796 5079 924 5158 quidem
937 5085 987 5142 est
1005 5081 1069 5142 du-

278 5158 355 5296 glor
384 5177 392 5218 τ
422 5157 543 5220 scilicet
570 5159 759 5236 spiritualis,
782 5159 838 5237 qui
866 5160 1012 5223 consistit
1033 5162 1067 5223 in

300 5233 448 5298 ovotlone
465 5235 579 5298 mentis
607 5238 648 5299 ad
674 5239 794 5310 Deum,
822 5242 854 5300 et
878 5239 1066 5316 corporalis,

278 5315 334 5394 qui
351 5315 496 5376 consistit
512 5313 545 5375 in
560 5315 736 5390 sacrificiis,
753 5323 784 5378 ct
798 5317 1025 5390 oblationibus,
1037 5321 1068 5380 et

280 5393 352 5457 allis
366 5391 561 5473 hujusmodi.
577 5395 603 5456 Α
617 5395 705 5457 oultu
716 5401 824 5457 autern
838 5395 996 5474 spirituali
1008 5398 1068 5456 im-

280 5472 453 5551 pediuntur
469 5471 614 5534 homines
630 5490 688 5551 per
705 5477 846 5551 peccata,
869 5475 986 5552 quibus
1002 5475 1069 5536 bo-

280 5551 382 5618 mines
406 5551 507 5629 pollui
529 5550 729 5625 dicebantur,
750 5549 833 5614 sicut
853 5570 910 5629 per
925 5552 1069 5618 idolola-

278 5627 1066 5708 triamethomieidium,peradulteriaetinoestus.

314 5767 353 5850 (l)
373 5767 492 5842 Vulgata,
508 5769 580 5832 nibil.

1115 2007 1306 2084 expositum.
1323 2007 1362 2068 Et
1378 2007 1538 2087 idedquia
1557 2026 1643 2071 mors
1669 2015 1719 2072 est
1740 2013 1878 2088 corruptio

1115 2083 1271 2163 quadam,
1294 2086 1430 2148 cadaver
1451 2087 1590 2148 bominis
1609 2091 1813 2167 reputabatur
1832 2089 1880 2148 im-

1115 2163 1279 2225 mundum.
1295 2164 1447 2226 Similiter
1460 2167 1555 2228 etiam
1567 2167 1645 2244 quia
1659 2168 1749 2245 lepra
1762 2184 1799 2228 ex
1817 2185 1879 2228 cor-

1114 2240 1265 2319 ruptione
1277 2242 1450 2305 bumorum
1463 2245 1629 2324 contingit,
1654 2248 1712 2324 qui
1732 2246 1820 2308 etiam
1833 2264 1881 2306 er-

1115 2318 1214 2384 teritls
1229 2326 1421 2400 erumpunt,
1445 2324 1570 2385 etalios
1591 2323 1758 2396 inliciunt,
1782 2324 1880 2402 leprosi

1115 2399 1211 2461 etiam
1220 2402 1452 2478 reputabantur
1461 2402 1880 2474 immundi3similiteretiam

1114 2477 1265 2540 mulieres
1278 2479 1435 2556 patientes
1450 2480 1617 2559 sanguinis
1632 2479 1755 2542 lluxnm
1766 2482 1881 2558 sireper
1968 2501 1969 2544 1

1115 2555 1881 2636 infirmitatem,siveotiampernaturamveltem·
1968 2593 1969 2630 1

1114 2635 1247 2713 poribus
1262 2636 1431 2709 menstrui,
1446 2637 1607 2698 ueletiam
1627 2641 1769 2718 tempore
1781 2654 1881 2699 conee-

1114 2713 1249 2805 ptionis3
1264 2718 1296 2776 et
1316 2713 1428 2776 eadem
1443 2716 1569 2777 ratione
1590 2717 1651 2778 riri
1672 2718 1881 2794 reputabantur

1115 2792 1269 2853 immundi
1293 2791 1417 2854 liuram
1440 2794 1570 2856 seminis
1590 2795 1748 2872 patientes
1771 2796 1816 2856 vel
1837 2813 1881 2872 per

1115 2869 1345 2945 infirmitatem,
1374 2873 1426 2933 vel
1452 2891 1510 2951 per
1538 2873 1749 2952 pollutionem
1768 2877 1881 2934 noctur-

1115 2965 1202 3015 nam.
1219 2950 1377 3011 ueletiam
1401 2969 1458 3028 per
1477 2951 1614 3026 coitum3
1633 2967 1710 3012 nam
1724 2952 1819 3014 omnis
1832 2952 1881 3010 bu-

1115 3027 1240 3094 miditas
1255 3028 1412 3105 praedictis
1427 3029 1527 3090 modis
1536 3032 1577 3092 ab
1587 3029 1718 3091 bomine
1726 3029 1880 3110 egrediens,

1115 3106 1287 3182 uuarndam
1302 3106 1499 3169 immundam
1513 3108 1719 3172 inlectionem
1733 3109 1828 3170 babet.
1842 3108 1882 3168 ln·

1115 3189 1185 3246 erat
1205 3185 1302 3248 ctiam
1323 3185 1507 3248 bominibus
1534 3186 1738 3250 immunditia
1759 3186 1882 3264 quadam
1969 3255 1970 3258 Ἴ

1115 3281 1158 3401 51
1172 3267 1321 3326 contactu
1334 3279 1612 3344 quarumcumque
1630 3283 1741 3327 rerum
1759 3265 1882 3326 imnum·
1969 3259 1970 3280 ¹

1138 3359 1242 3406 arum.

1155 3421 1292 3482 istarum
1309 3424 1417 3483 autem
1438 3421 1713 3484 immunditiarum
1735 3427 1800 3484 erat
1816 3419 1881 3480 ratio

1116 3503 1148 3558 et
1169 3498 1328 3572 litteralis,
1354 3503 1386 3560 et
1410 3498 1567 3579 figuratis.
1591 3500 1753 3564 Litteralis
1775 3499 1880 3577 quidem

1115 3581 1247 3656 propter
1260 3578 1472 3639 reverentiam
1494 3595 1606 3639 eorum
1621 3596 1695 3656 quae
1709 3577 1748 3640 ad
1760 3578 1881 3640 divinum

1116 3655 1237 3716 cultum
1246 3655 1418 3732 pertinent,
1432 3657 1582 3734 tumquia
1592 3656 1738 3719 homines
1748 3656 1881 3736 pretiosas

1115 3752 1167 3795 res
1181 3734 1368 3813 contingere
1390 3751 1454 3795 non
1479 3735 1593 3808 solent,
1612 3732 1687 3804 edm
1710 3735 1821 3798 luerint
1836 3732 1882 3792 tm

1116 3811 1246 3885 inundi3
1263 3813 1437 3874 tumetiam
1450 3817 1486 3873 ut
1504 3832 1546 3874 ex
1564 3830 1640 3876 raro
1654 3811 1831 3878 accessnad
1842 3825 1882 3870 sa·

1116 3907 1171 3952 cra
1186 3908 1224 3952 ea
1239 3890 1341 3969 magis
1354 3895 1598 3954 venerarentur.
1609 3889 1689 3954 Cdm
1700 3893 1881 3954 enimomnes

1116 3969 1300 4047 hujusmodi
1326 3968 1544 4032 immunditias
1565 3970 1640 4032 rard
1654 3971 1771 4049 aliquis
1789 3983 1881 4030 carere

1116 4047 1229 4125 possit,
1247 4047 1453 4127 contingebat
1475 4046 1561 4125 qubd
1583 4047 1658 4111 rard
1674 4051 1817 4128 poterant
1829 4047 1882 4106 ho-

1116 4127 1218 4188 mines
1234 4125 1384 4188 accedere
1399 4127 1439 4187 ad
1456 4126 1534 4187 attin
1559 4126 1676 4189 endum
1690 4143 1810 4206 eaque
1822 4141 1881 4202 per-

1117 4203 1263 4267 tinebant
1277 4205 1316 4266 ad
1338 4205 1481 4266 divinum
1498 4145 1635 4280 cnftum3
1658 4211 1690 4268 et
1711 4207 1757 4268 sic
1774 4201 1881 4291 quando

1118 4281 1321 4353 accedebant,
1335 4285 1408 4344 cum
1420 4283 1533 4362 majori
1556 4284 1736 4348 reverentia
1749 4289 1779 4346 et
1790 4283 1882 4370 bumi-

1117 4361 1206 4422 litate
1221 4363 1335 4422 mentis
1359 4360 1562 4428 accedebant.
1578 4363 1656 4424 Erat
1671 4365 1765 4425 etiam
1779 4362 1810 4421 in
1822 4375 1883 4435 qur-

1118 4439 1252 4500 husdam
1276 4439 1392 4500 borum
1419 4445 1503 4502 ratio
1526 4442 1684 4512 litteralis,
1706 4445 1742 4503 ut
1756 4438 1880 4501 homines

1119 4535 1184 4578 non
1198 4516 1444 4580 reformidarent
1457 4519 1607 4582 accedere
1621 4521 1659 4582 ad
1675 4521 1812 4582 divinum
1822 4515 1881 4577 cnl-

1119 4601 1198 4668 tum,
1213 4595 1308 4674 quasi
1328 4596 1521 4676 relugientes
1537 4600 1735 4660 consortium
1754 4598 1882 4675 leproso·

1118 4693 1191 4736 rum
1201 4675 1391 4744 etsimilium
1403 4675 1616 4750 intirmorum,
1627 4674 1880 4755 quorummnrbos

1119 4752 1344 4815 abominabilis
1366 4759 1454 4826 erat,
1479 4759 1510 4816 et
1532 4755 1747 4834 contagiosus.
1766 4754 1800 4815 ln
1818 4749 1881 4828 qni-

1119 4830 1254 4893 busdam
1268 4831 1364 4894 etiam
1377 4833 1460 4896 ratio
1486 4837 1555 4896 erat
1567 4834 1605 4896 ad
1621 4835 1782 4896 vitandum
1799 4828 1881 4891 idolo

1119 4909 1222 4973 latriae
1242 4910 1381 4984 cultnm;
1405 4912 1482 4988 quia
1497 4913 1629 4992 gentilos
1651 4913 1684 4974 in
1698 4913 1881 4975 ritusuornm

1120 4986 1351 5050 sacrificiorum
1376 4992 1550 5052 utebantur
1576 4992 1767 5070 quandoque
1786 4993 1814 5050 et
1831 4985 1881 5045 bn-

1120 5083 1217 5128 mano
1243 5068 1422 5147 sanguine,
1446 5073 1477 5130 et
1498 5071 1631 5132 semine.
1656 5071 1769 5132 Omnes
1793 5068 1880 5127 autem

1119 5143 1304 5224 hujusmodi
1329 5145 1536 5210 immunditia
1554 5151 1735 5225 corporales
1755 5139 1881 5224 purifica·

1120 5225 1296 5287 banturvel
1305 5243 1361 5303 per
1375 5227 1477 5288 solam
1492 5226 1708 5304 aspersionem
1721 5241 1816 5304 aque.
1826 5218 1878 5282 tel·

1120 5320 1192 5381 qum
1206 5302 1345 5381 majores
1359 5310 1462 5376 erant,
1484 5323 1542 5382 per
1564 5306 1695 5383 aliquod
1714 5300 1880 5368 sacrificium

1122 5380 1161 5442 ad
1175 5381 1370 5459 expiandum
1385 5387 1561 5460 peccatum,
1578 5401 1621 5446 er
1632 5403 1697 5463 qno
1715 5383 1791 5447 tales
1803 5375 1880 5440 intir-

1121 5459 1248 5522 mitates
1263 5460 1501 5540 contingebant.

1161 5537 1254 5599 Ratio
1277 5543 1384 5602 autem
1399 5538 1542 5619 figuratis
1556 5540 1672 5603 barum
1685 5533 1880 5625 immunditia-

1121 5633 1194 5677 rum
1210 5615 1280 5688 luit,
1295 5617 1372 5695 quia
1386 5637 1445 5696 per
1457 5619 1640 5698 huiusmodi
1656 5620 1879 5682 exterioresrnt-

1123 5694 1294 5757 mnnditias
1308 5695 1529 5776 figurabantur
1541 5698 1666 5762 diversa
1678 5703 1806 5778 peccata.
1816 5691 1878 5750 Num

1124 5771 1324 5836 irurnunditia
1335 5775 1497 5840 cadaveris
1507 5777 1733 5858 cujuscumque
1748 5763 1878 5852 siguiltssl
