4038 6350
337 232 390 294 ddi
814 225 945 288 SUllllAE
963 227 1191 286 Tltuotoulcm
1211 225 1313 291 sutile
1334 226 1512 290 SECUNDAE.
1882 245 1918 306 up

335 346 509 426 quamdam
523 344 741 408 crudelitatem
762 343 921 422 pertinere
939 343 1074 419 videtur,
1096 345 1123 407 si
1179 345 1242 407 ctio
1257 346 1468 425 simplicitatis
1489 351 1520 410 et
1536 348 1738 426 innocentie,
1752 341 1814 432 qun
1825 353 1918 435 figura.

335 425 520 498 lncmatris,
530 425 732 504 quoddatum
742 423 827 486 estci
844 441 902 501 pro
915 424 1123 500 nutrimento,
1177 430 1230 486 tur
1245 443 1302 503 per
1315 427 1437 500 lanam,
1452 431 1483 488 et
1494 429 1679 490 subtilitatis
1695 433 1725 489 et
1737 431 1857 506 malitie,
1868 455 1918 514 qus

336 503 1122 581 adhibeaturadconsumptionemcaroiumipsius.
1176 498 1334 582 figuratur
1350 523 1409 583 per
1430 505 1543 566 linum.
1566 507 1752 569 Prohibetur
1763 510 1844 573 etiam
1857 517 1918 592 qudd

335 581 394 646 Vel
409 587 513 662 potest
532 583 593 644 dici
608 581 694 660 quod
710 581 843 660 gentiles
858 581 892 642 in
907 581 1124 644 solemnitati·
1176 582 1292 644 mulier
1306 600 1370 645 non
1389 589 1523 662 usurpet
1535 585 1595 646 sibi
1615 586 1798 659 doctrinam,
1816 591 1857 651 rel
1873 595 1918 660 alla

336 662 396 724 bus
420 662 579 723 idolorum
593 663 700 723 taliter
721 677 834 722 carnes
851 659 932 720 hoedi
958 659 1124 736 decoque-
1175 661 1447 736 virorumofficia3
1460 663 1510 726 vel
1519 681 1559 725 ue
1568 665 1617 726 vir
1626 661 1796 728 inclinetad
1806 669 1917 736 mollities

334 741 464 802 bentad
478 740 725 812 immolandum,
748 739 799 800 vel
825 738 864 800 ad
882 737 1120 798 comedendum.
1173 738 1356 800 mulierum.

333 819 373 882 Et
382 818 453 881 ided
465 818 566 879 Exod.
589 818 644 892 23,
667 819 723 890 19,
748 815 919 894 postquam
937 817 1122 894 praedictum
1216 818 1437 955 ddsestimum
1446 819 1614 882 dicendum
1630 821 1725 900 qnod,
1746 823 1819 884 sicut
1830 825 1917 888 Hiero·-

333 897 439 960 lucrat
454 898 491 960 de
502 898 757 958 solemnitatibus
774 895 970 956 celebrandis
985 895 1019 956 in
1039 896 1120 976 lege,
1174 913 1290 976 uymus
1318 897 1728 978 icit,superblatth.,super
1736 900 1806 962 illud
1815 905 1917 982 capti:

333 976 591 1040 subditurrNou
606 993 713 1056 coques
736 973 856 1036 hedum
871 974 908 1035 iu
920 972 999 1036 tecte
1010 975 1121 1036 matris
1173 975 1321 1037 Dilatum
1347 977 1439 1044 cuim.
1473 981 1532 1038 otc.
1564 979 1745 1039 :Dominus
1761 979 1846 1060 jussit
1857 987 1917 1046 utin

331 1074 404 1116 ruo.
1195 1062 1310 1115 uotuor
1322 1054 1448 1134 ungulis
1469 1055 1641 1135 palliorum
1661 1055 1858 1136 hyacinthinos
1870 1065 1918 1140 fin·

371 1134 530 1214 Figuralis
550 1137 657 1195 autem
680 1133 764 1194 ratio
776 1130 873 1211 hujus
895 1125 1120 1210 prohibitionis
1173 1070 1419 1213 griessocercnt,
1444 1133 1484 1195 od
1499 1135 1653 1213 poputum
1664 1135 1762 1196 lsrael
1773 1136 1918 1216 dignoscen-

332 1217 397 1285 est,
411 1215 489 1291 quia
501 1212 767 1291 praefigurabatur
785 1210 871 1288 quod
890 1209 1048 1284 Christus,
1063 1211 1120 1290 qui
1174 1210 1246 1272 dum
1260 1210 1297 1272 ub
1323 1211 1396 1272 otiis
1415 1213 1564 1291 populis:
1584 1213 1670 1276 unde
1695 1230 1752 1292 per
1767 1214 1917 1281 hocseesse

332 1297 381 1354 cst
394 1292 504 1354 hoedus
517 1307 575 1369 pro
599 1296 646 1351 ter
662 1289 900 1352 similitudinem
923 1285 1027 1352 curnis
1039 1308 1122 1368 pec-
1172 1289 1298 1352 Judaeos
1309 1291 1552 1368 profitebantur.
1576 1293 1616 1353 Et
1629 1291 1701 1353 ideo
1719 1311 1773 1370 per
1795 1299 1918 1372 aspectum

331 1371 395 1432 cuti
404 1417 411 1439 ,
425 1372 516 1432 Rom.
526 1369 557 1442 8,
571 1310 602 1442 d),
619 1387 683 1430 nun
694 1372 764 1431 erat
776 1361 919 1430 dludaeis
930 1367 1119 1460 coquendus,
1172 1367 1269 1447 hujus
1284 1369 1367 1447 signi
1383 1370 1618 1431 inducebantur
1635 1371 1668 1430 in
1690 1373 1859 1434 memoriam
1874 1391 1918 1436 suu

329 1447 360 1509 id
387 1453 454 1524 est,
484 1449 691 1522 occidendus,
714 1447 750 1508 iu
774 1446 990 1516 luctemotres,
1007 1445 1118 1518 idest,
1172 1445 1263 1524 legis.
1293 1447 1385 1522 Quod
1413 1454 1519 1510 autem
1542 1449 1658 1510 dicitur
1686 1468 1694 1510 ε
1721 1449 1836 1528 Ligobr's
1853 1471 1877 1510 co
1895 1454 1918 1514 in

328 1527 362 1588 iu
385 1530 528 1607 tempore
554 1527 706 1589 inlautiae.
732 1526 791 1588 Vel
815 1523 1014 1605 significatur
1034 1525 1120 1604 quhd
1173 1543 1268 1586 manu
1285 1528 1357 1594 tud,
1376 1533 1404 1586 et
1425 1535 1516 1587 eruut
1537 1537 1739 1607 recuperante
1753 1530 1845 1590 ocutos
1862 1537 1917 1596 tuos,

236 1646 239 1652 -
327 1603 461 1682 hoedus,
476 1606 505 1666 id
521 1612 588 1682 est,
607 1609 776 1684 peccator,
799 1608 928 1666 nonest
944 1603 1119 1682 coquendus
1171 1601 1324 1666 Phariscei
1348 1605 1431 1667 male
1457 1605 1764 1685 interpretabantur,
1784 1609 1917 1670 scribentes

327 1683 363 1745 iu
379 1685 457 1746 tacte
470 1686 593 1754 mattis,
612 1685 720 1757 idest,
733 1700 801 1744 non
818 1687 866 1745 est
879 1682 1040 1746 blanditiis
1061 1683 1120 1744 de-
1171 1681 1205 1742 in
1221 1684 1414 1748 membranis
1429 1683 1617 1765 decalogum
1629 1686 1749 1766 Moysi,
1763 1691 1793 1747 et
1812 1686 1918 1764 ligabant

327 1761 499 1826 liniendus.
1171 1760 1204 1820 in
1217 1760 1321 1824 lronte
1333 1763 1427 1840 quasi
1443 1779 1611 1837 coronam,
1625 1767 1662 1826 ut
1674 1768 1749 1826 ante
1761 1765 1856 1826 oculos
1870 1782 1919 1824 uo-

367 1841 415 1904 An
432 1844 580 1923 quintum
600 1841 769 1904 dicendum
790 1837 876 1918 qudd
896 1840 1030 1920 gentiles
1045 1835 1120 1900 t'ru-
1170 1843 1315 1911 veretum
1340 1839 1414 1903 cdm
1437 1845 1543 1903 tamen
1561 1842 1696 1908 intentio
1721 1843 1839 1904 Domini
1853 1860 1919 1904 man-

327 1923 397 1982 ctus
414 1923 604 2002 primitivos,
617 1938 698 1998 quos
712 1920 892 1980 lortuuatos
903 1919 1116 1990 estimabant,
1170 1917 1274 1980 danitis
1297 1915 1393 1980 luerit
1412 1925 1448 1981 ut
1463 1919 1641 2000 ligarentur
1659 1921 1696 1982 iu
1706 1938 1811 1989 mnu,
1829 1920 1917 1992 idest,

326 1999 387 2062 diis
401 2001 468 2062 suis
489 1999 682 2070 ollerebant;
706 1998 758 2058 vel
777 1997 874 2058 etiam
888 1997 1119 2059 comburebant
1170 1995 1419 2075 inoperatione,
1438 2003 1469 2060 et
1490 2007 1588 2060 esseut
1613 1999 1817 2069 anteuenias,
1833 1999 1917 2072 idest,

327 2095 383 2140 cos
393 2079 432 2140 ad
442 2079 588 2158 quaedam
598 2078 722 2157 magica
732 2074 886 2138 iacienda.
897 2075 937 2136 Et
951 2074 1022 2138 ideo
1039 2094 1119 2154 prae·
1169 2075 1204 2136 iu
1219 2075 1435 2138 meditatione.
1451 2077 1488 2138 ln
1504 2079 1723 2158 hyacinthinis
1740 2083 1837 2141 nutem
1848 2079 1917 2148 vittis,

326 2161 453 2235 ceptum
476 2160 525 2218 est
548 2155 593 2218 eis
614 2162 650 2218 ut
674 2155 796 2217 tructus
817 2155 915 2216 trium
940 2154 1119 2233 primorum
1170 2171 1243 2232 quae
1258 2155 1361 2233 palliis
1383 2155 1628 2230 inserebantur,
1648 2157 1838 2237 significatur
1852 2157 1920 2218 onte·

326 2251 487 2298 annorum
512 2235 692 2296 immundos
724 2236 922 2312 reputarent.
951 2233 988 2294 ln
1015 2235 1116 2295 tribus
1169 2233 1226 2296 stis
1240 2233 1390 2308 intentio,
1411 2252 1483 2312 quac
1502 2235 1650 2297 omnibus
1671 2237 1817 2316 operibus
1832 2233 1919 2295 nostris

326 2315 412 2375 enim
432 2315 525 2378 annis
546 2313 611 2376 lere
629 2331 739 2374 omues
764 2315 896 2375 arbores
917 2315 1009 2373 terne
1029 2312 1116 2374 illius
1168 2311 1261 2373 debet
1277 2312 1420 2393 adjungi.
1437 2315 1542 2375 Potest
1562 2319 1670 2376 tamen
1689 2315 1753 2376 dici
1777 2313 1852 2392 quod
1866 2313 1920 2391 quia

227 2427 231 2434 ·
325 2392 464 2456 fructum
488 2393 683 2472 producunt,
702 2409 775 2472 qun
800 2391 923 2452 scilieet
950 2391 1001 2451 vel
1019 2391 1118 2452 semi-
1168 2390 1376 2468 populusille
1395 2393 1629 2464 carnaliserat,
1647 2397 1679 2454 et
1697 2394 1784 2455 durau
1803 2391 1919 2460 cervicis,

325 2472 448 2545 nando,
466 2472 518 2534 vel
537 2470 723 2542 inserendo,
739 2471 788 2532 rel
808 2469 983 2549 plantando
1001 2469 1118 2531 colun-
1169 2470 1311 2546 oportuit
1330 2471 1428 2532 etiam
1449 2489 1507 2550 per
1527 2470 1712 2550 hujusmodi
1726 2469 1873 2533 sensibilia
1882 2485 1919 2530 eos

325 2555 389 2612 tur.
414 2551 499 2614 llard
525 2555 632 2614 autem
656 2549 812 2628 contingit
838 2548 923 2627 quod
947 2565 1022 2610 ossa
1046 2547 1117 2610 sru-
1168 2547 1208 2610 ad
1221 2548 1299 2628 legis
1321 2550 1560 2611 observantiam
1573 2550 1721 2612 excitari.

325 2632 435 2691 ctuum
449 2631 573 2691 arboris
587 2673 595 2702 ‚
610 2629 662 2690 vel
678 2629 801 2690 semina
811 2627 943 2690 latentia
953 2626 1119 2690 seminen-
1208 2627 1255 2688 hd
1269 2631 1418 2690 octavum
1430 2628 1600 2690 dicendum
1613 2628 1698 2706 qudd
1709 2627 1833 2692 affectus
1845 2623 1921 2687 honi-

325 2711 394 2780 tur3
422 2709 488 2772 brec
511 2710 597 2769 enim
628 2704 750 2770 tardius
786 2707 929 2770 tacerent
957 2704 1115 2779 tructum;
1168 2705 1218 2767 nis
1237 2709 1286 2767 est
1305 2708 1547 2786 duplextuuus
1564 2707 1693 2785 quidem
1715 2704 1921 2769 secunddmra-

324 2788 379 2849 sed
395 2788 449 2849 lex
462 2788 604 2866 respexit
617 2786 657 2848 ad
679 2785 710 2846 id
727 2784 814 2864 quod
841 2777 1041 2863 frequentius
1069 2784 1114 2845 tit.
1168 2781 1305 2858 tionem,
1337 2787 1420 2849 alius
1453 2785 1530 2848 verb
1555 2779 1733 2848 secundum
1762 2786 1920 2864 passionen.

324 2867 422 2928 Poma
436 2870 543 2929 autem
563 2865 671 2945 quarti
686 2865 781 2937 anni,
803 2861 958 2943 tanquam
970 2863 1116 2941 primitiae
1168 2861 1348 2926 Secundum
1356 2865 1455 2944 igitur
1464 2861 1613 2926 allectum
1623 2864 1759 2927 rationis
1772 2881 1831 2925 non
1842 2861 1920 2934 relert,

324 2945 519 3007 mundorum
556 2945 738 3017 fructuum,
768 2943 836 3004 Deo
876 2941 1114 3015 offerebantur3
1167 2941 1355 3020 quidbomo
1377 2945 1462 3006 circa
1481 2945 1577 3004 bruta
1593 2943 1750 3006 animalia
1768 2947 1849 3036 ngat,
1867 2937 1922 3018 quie

324 3025 439 3101 quinto
468 3027 577 3086 autem
604 3038 691 3085 auno
723 3026 754 3083 et
782 3021 931 3100 deinceps
963 3021 1117 3084 comede-
1167 3021 1276 3083 omnia
1299 3025 1375 3084 sunt
1398 3022 1542 3102 subjecta
1563 3020 1632 3100 ejus
1678 3027 1805 3084 otestatr
1826 3019 1844 3084 d
1862 3020 1920 3088 beo,

324 3103 453 3164 bantur.
820 3153 822 3156 .
1167 3095 1344 3160 secundum
1368 3101 1446 3162 illud
1462 3099 1576 3179 psalm.
1603 3099 1638 3175 8,
1654 3041 1697 3160 B:
1716 3100 1825 3163 Omnia
1846 3093 1923 3174 subje-

364 3181 524 3264 Figuralis
551 3183 659 3242 autem
682 3178 767 3243 ratio
797 3181 846 3240 est
871 3177 949 3256 quia
975 3195 1033 3256 per
1054 3175 1116 3240 hoc
1167 3177 1239 3239 cisti
1248 3177 1304 3240 sub
1313 3179 1443 3257 pedidus
1462 3180 1545 3259 ejus,-
1559 3181 1591 3241 et
1604 3177 1781 3241 secundum
1795 3179 1848 3238 hoc
1860 3179 1922 3251 ,lpo-

324 3259 548 3339 praetiguratur
574 3258 659 3336 qubd
687 3263 760 3336 post
787 3260 851 3318 tres
882 3260 984 3318 status
1012 3256 1114 3334 legis,
1167 3257 1267 3348 stolus
1279 3256 1353 3319 dicit
1368 3256 1454 3337 qudd
1470 3275 1536 3348 nou
1552 3264 1596 3350 est
1617 3276 1695 3319 curo
1709 3258 1772 3350 lieo
1793 3251 1921 3348 debetur.

324 3335 1116 3494 tl‘t‘tdlllt:tehtdetulissetis
1166 3333 1922 3494 ttutelensis‘tthllrttlhltlslhlh

325 3492 512 3587 Babylonis,
528 3494 640 3556 tertius
660 3511 764 3571 usque
792 3492 832 3554 ad
853 3491 1031 3564 Christum,
1046 3495 1116 3553 erat
1167 3491 1243 3552 verb
1258 3493 1297 3554 ud
1311 3493 1460 3556 allectum
1476 3493 1653 3572 passionis,
1666 3498 1812 3554 movetur
1822 3487 1921 3552 allectus

325 3573 469 3635 Christus
485 3575 552 3635 Deo
562 3572 741 3634 offerendus
754 3617 762 3645 ,
774 3570 834 3649 qui
851 3575 899 3632 est
917 3569 1039 3632 tructus
1061 3570 1115 3631 le·
1165 3570 1304 3632 hominis
1315 3573 1411 3634 etiam
1423 3573 1508 3634 circa
1521 3571 1585 3634 alia
1597 3573 1752 3634 animalia
1758 3593 1767 3645 3
1783 3570 1852 3650 quia
1861 3565 1921 3654 enin

346 3653 391 3725 is3
414 3653 465 3714 vel
488 3653 565 3730 quia
591 3651 766 3730 primordia
779 3653 964 3712 nostrorum
981 3665 1115 3727 operum
1166 3649 1274 3728 passio
1289 3651 1514 3712 misericordias
1529 3651 1695 3729 consurgit
1717 3669 1759 3712 ex
1778 3645 1921 3711 affliction-

325 3671 520 3794 debentesse
533 3732 625 3793 nobis
640 3733 789 3809 suspecta
810 3733 943 3807 propter
963 3725 1116 3806 imperio·
1166 3729 1226 3789 bus
1248 3729 1404 3803 aliorum,
1433 3729 1589 3808 contingit
1611 3736 1721 3790 autem
1750 3729 1839 3790 etiam
1854 3725 1922 3814 bruta

325 3811 476 3873 ctionem.
1166 3806 1319 3870 animalia
1343 3825 1452 3886 poenas
1481 3809 1616 3881 sentire,
1668 3811 1752 3870 otest
1773 3807 1805 3866 io
1824 3805 1922 3865 bomne

366 3890 412 3950 hd
435 3894 561 3950 sextum
588 3887 757 3950 dicendum
782 3885 880 3964 quod,
898 3886 982 3947 sicut
1000 3883 1116 3947 dicitur
1166 3902 1361 3966 consurgere
1377 3885 1603 3948 misericordie
1616 3826 1749 3948 affectus
1763 3883 1850 3947 etlam
1861 3879 1922 3941 circa

325 3965 422 4029 Eccli.
438 3968 493 4041 19,
520 3967 576 4036 27,
603 3967 734 4028 amictus
749 3964 892 4044 corporis
909 3965 1051 4026 enuntiet
1078 3964 1116 4026 de
1166 3963 1353 4026 afflictiones
1370 3965 1569 4028 animalium.
1587 3965 1774 4026 Proximum
1787 3967 1882 4048 auteur⁸
1890 3959 1923 4016 est

325 4045 448 4107 bomine
457 4065 467 4113 ,·
489 4052 521 4108 et
545 4045 616 4107 ideo
639 4045 740 4106 voluit
753 4043 910 4105 Dominus
924 4046 961 4104 ut
975 4043 1113 4121 populus
1167 4048 1201 4102 ut
1214 4044 1271 4120 qui
1281 4044 1491 4106 exerceturin
1503 4041 1617 4105 allecto
1633 4041 1921 4104 miscricordirecnu

325 4121 1114 4282 {intellecturidistetisset
1166 4119 1602 4262 {dulcetudinis
1614 4111 1923 4261 discussisti.

697 4244 705 4272 i
1104 4244 1113 4273 1
1771 4243 1780 4270 9

327 4280 492 4343 sedetiam
509 4279 597 4342 certa
617 4277 743 4341 habitds
758 4279 970 4340 distinctione.
992 4278 1032 4338 Et
1045 4278 1115 4340 ideh
1166 4279 1250 4340 citur
1277 4279 1450 4351 Pron12,
1487 4279 1525 4340 10
1549 4297 1557 4338 ε
1582 4277 1683 4342 Novit
1704 4277 1811 4358 justus
1832 4270 1922 4334 annu

326 4359 520 4438 prohibitum
534 4357 593 4419 iuit
607 4357 652 4418 eis
668 4363 708 4418 ue
717 4357 926 4418 induerentur
935 4356 1112 4418 vestimento
1160 4357 1373 4437 jumentorum
1386 4375 1513 4417 suorum
1521 4375 1531 4424 ,·
1546 4357 1665 4419 uiscera
1679 4365 1780 4418 cutem
1789 4352 1922 4432 inpuro

326 4457 365 4501 eu
378 4437 450 4499 totid
462 4446 489 4501 et
506 4437 572 4499 tino
588 4442 753 4504 contexto,
776 4440 809 4496 et
831 4453 871 4496 ue
893 4434 1035 4494 mutieres
1061 4435 1116 4494 iu-
1166 4431 1316 4497 crudelia.
1334 4435 1374 4497 Et
1388 4435 1469 4506 ideo,
1491 4446 1527 4497 ut
1545 4436 1701 4496 Dominus
1717 4433 1863 4514 populum
1878 4425 1923 4515 ju·

326 4519 496 4580 ducentur
507 4523 587 4580 ueste
605 4515 710 4582 uirili.
725 4519 783 4576 aut
806 4512 824 4574 d
847 4529 1019 4585 converso,
1032 4530 1116 4590 pro-
1166 4513 1292 4575 daicum
1305 4513 1345 4574 ad
1360 4513 1579 4576 crudelitatem
1592 4529 1750 4592 pronum,
1771 4511 1808 4574 ad
1820 4509 1921 4571 misen-

350 4600 397 4658 ter
412 4596 476 4657 duo
492 4616 500 4655 ι
516 4594 619 4673 primd
636 4593 764 4686 quidem
781 4591 820 4654 ad
833 4591 997 4653 vitandum
1011 4590 1116 4652 idolo-
1166 4593 1307 4654 cordiam
1334 4598 1517 4666 revocaret,
1547 4592 1649 4654 voluit
1668 4607 1723 4652 eos
1743 4578 1923 4673 exercerent

325 4615 427 4738 fatris
441 4677 573 4737 cultum.
594 4671 783 4751 lluJusmodi
800 4672 886 4731 enlm
899 4669 997 4732 variis
1017 4669 1112 4731 vesti·
1166 4671 1417 4732 misericordiam
1444 4671 1540 4732 etiam
1569 4669 1654 4732 circa
1672 4672 1767 4732 brute
1784 4663 1922 4729 animabat

326 4755 386 4816 bus
408 4771 450 4815 ex
473 4753 606 4816 diversis
630 4750 787 4813 contextis
815 4749 948 4829 gentiles
974 4748 1006 4808 in
1026 4749 1116 4810 cultu
1166 4749 1340 4826 prohibens
1362 4749 1507 4827 quaedam
1526 4747 1611 4811 circa
1631 4747 1784 4810 animalia
1797 4743 1857 4806 fieri
1871 4751 1922 4816 qun

327 4849 459 4894 suorum
473 4832 606 4893 deorum
622 4832 811 4901 utebantur,
826 4830 858 4888 et
870 4826 966 4888 etiam
980 4827 1012 4887 in
1026 4827 1115 4888 cultu
1167 4827 1206 4889 ad
1217 4827 1435 4890 crudelitatem
1444 4828 1615 4904 quamdam
1626 4828 1785 4905 pertinere
1795 4822 1922 4885 videntur·

326 4911 437 4972 Martis
448 4910 598 4972 mulieres
611 4908 784 4970 utebantur
793 4905 891 4968 armis
904 4905 1066 4979 virorum3
1082 4905 1114 4966 in
1166 4907 1206 4969 Et
1218 4905 1288 4968 ideo
1298 4905 1507 4984 prohibuitue
1520 4925 1555 4967 co
1579 4916 1701 4967 ueretur
1714 4903 1817 4965 ludus
1827 4902 1856 4962 in
1867 4897 1922 4980 lectt

327 4989 417 5050 cultu
429 4993 538 5050 autem
550 4987 685 5050 Veneris
700 4983 960 5076 econyersouviri
977 4985 1117 5045 uteban-
1166 4986 1288 5051 metris
1304 4989 1336 5045 et
1349 4984 1433 5063 quod
1452 5003 1518 5046 uon
1534 4923 1718 5064 adigeretur
1744 5002 1777 5043 os
1800 4977 1863 5042 boot
1882 4981 1922 5032 ιιι·

327 5073 381 5127 tur
398 5068 540 5128 restibus
558 5067 741 5127 mulierum.
755 5064 827 5125 hlra
842 5068 924 5123 retro
938 5067 986 5123 est
1002 5061 1041 5123 ad
1057 5062 1117 5126 de-
1168 5064 1302 5130 turanti,
1322 5069 1353 5126 et
1372 5062 1458 5140 quon
1478 5081 1543 5124 uon
1564 5063 1756 5124 occideretur
1771 5065 1860 5121 mater
1875 5064 1923 5113 ott

328 5144 509 5207 clinaudam
522 5145 791 5216 luxuriam3nam
802 5159 860 5220 per
871 5141 1114 5203 commixtiones
1167 5141 1254 5222 filiis.
1275 5142 1426 5215 Quamvis
1453 5142 1548 5204 etium
1571 5141 1632 5204 dici
1651 5140 1762 5221 possit,
1783 5133 1860 5217 quod
1874 5129 1923 5190 itt

329 5223 437 5286 varias
452 5222 692 5284 investimentis
707 5220 811 5282 omnis
828 5218 1010 5281 inordinata
1022 5236 1117 5280 com-
1168 5221 1328 5298 prohibita
1351 5225 1427 5282 sunt
1450 5221 1496 5282 eis
1514 5222 1546 5282 in
1562 5219 1800 5282 detestationem
1815 5207 1924 5276 idolote

329 5301 442 5362 mixtio
455 5299 557 5362 coittls
572 5301 761 5362 excluditur.
775 5297 865 5372 Quod
879 5301 987 5360 autem
1000 5298 1117 5359 mulier
1168 5299 1247 5361 triu.
1262 5299 1341 5362 Nam
1362 5298 1501 5378 AEgpptii
1525 5298 1681 5360 nefarium
1706 5295 1883 5375 reputabant
1899 5285 1923 5340 tt

329 5381 482 5442 induatur
495 5383 584 5442 veste
599 5378 695 5451 virili,
710 5383 764 5438 aut
785 5377 989 5450 econverso,
1004 5376 1117 5438 incen-
1169 5378 1265 5440 boves
1291 5377 1475 5440 triturantes
1502 5375 1541 5438 de
1568 5376 1618 5437 lru
1641 5377 1711 5438 ibus
1739 5365 1921 5450 comederet}-

329 5461 431 5523 tivum
451 5463 499 5522 est
515 5455 791 5535 concupiscentius,
807 5459 839 5517 et
852 5454 1053 5517 occasionem
1074 5455 1117 5516 li-
1169 5455 1277 5534 ntiqui
1302 5457 1398 5518 etiam
1420 5455 1555 5518 malefici
1567 5396 1738 5518 uteisantur
1760 5461 1854 5512 matre
1872 5452 1922 5501 ons

329 5538 428 5601 bidini
441 5539 581 5616 praestat.
1169 5535 1352 5608 incubante,
1366 5539 1398 5596 et
1413 5534 1508 5614 pullis
1531 5535 1599 5615 eJus
1622 5533 1716 5596 simul
1728 5530 1827 5621 captis
1837 5521 1870 5617 ad
1882 5518 1923 5578 lu-

369 5611 1116 5696 figuralisautemratioestquiainuestimento
1168 5613 1364 5676 carnutum
1390 5622 1422 5676 et
1447 5614 1607 5679 tortunam
1633 5613 1718 5679 circa
1746 5607 1922 5672 nutritionem

331 5700 476 5776 contecto
495 5713 534 5756 eu
552 5691 624 5754 tout
646 5698 673 5752 et
688 5689 754 5754 tino
765 5689 964 5754 interdicitur
973 5691 1116 5771 coujun-
1169 5693 1323 5772 tiliorum3
1341 5695 1370 5758 el
1385 5693 1463 5774 quia
1475 5695 1570 5759 etium
1582 5695 1615 5759 in
1629 5691 1771 5770 auguriis
1783 5677 1922 5762 reputabi·
