4038 6350
103 309 160 368 925
390 305 521 374 QUAEST.
541 303 596 360 CX.
618 305 660 364 DE
680 303 806 361 cusiis
828 303 883 360 DE!
901 305 1065 373 Quassus!
1085 308 1128 364 db
1148 309 1228 368 EJUS
1246 309 1445 368 assensisse.
1637 261 1640 266 ¹
1678 313 1730 370 bib

103 416 897 571 aaut?astss.as.ssa.asaasd
948 418 1732 578 iasaa{israucaassianus

682 538 691 554 .
1073 541 1081 570 ,
1627 545 1635 561 ,

105 585 154 642 ῑεῑ
169 597 213 657 qu
273 577 373 638 virtus
393 573 649 651 uniuscujusque
668 573 715 632 rei
733 571 849 632 dicitur
863 572 896 632 in
949 575 1074 636 videtur
1088 577 1171 652 qudd
1190 519 1293 658 gratia
1308 579 1350 640 sit
1361 578 1510 656 perfectio
1524 579 1661 658 aiicujus
1674 522 1732 658 pi>-

105 659 222 719 ordine
239 656 280 717 ad
296 655 437 731 aliquam
455 657 604 712 naturam
624 651 895 727 praeexistentem,
948 655 1188 718 teutiaeanime.

105 735 240 813 quando
255 734 374 795 scilicet
389 730 642 806 unumquodque
658 729 704 790 sic
721 735 769 790 est
783 728 897 804 dispo·
987 733 1017 791 3.
1038 733 1214 804 Pratum,
1238 734 1265 796 si
1288 735 1426 798 essentia
1450 735 1567 796 animm
1589 734 1631 796 sit
1653 751 1732 827 pro-

106 816 219 884 situm,
234 807 409 874 secunddm
420 807 506 886 qubd
520 807 667 885 congruit
682 823 747 868 sue
761 811 894 898 nature.
948 810 1053 904 prium
1066 809 1243 889 subjectum
1253 813 1372 892 gratim,
1382 813 1598 890 oportetqubd
1610 829 1730 884 anima.

147 883 898 963 biauiiestumestautemqubdvirtutesacqursi·
947 907 980 950 rn
1015 896 1171 967 quantum
1206 892 1301 952 habet
1334 891 1524 960 essentiam.
1558 891 1600 951 sit
1627 907 1730 969 capas

105 976 147 1030 ise
156 974 310 1048 peractus
319 967 488 1036 humanos,
500 963 662 1042 dequibus
671 979 767 1039 supra
779 962 896 1024 dictum
949 967 1068 1046 gratie.
1085 967 1144 1028 Sed
1159 968 1220 1030 boc
1232 972 1279 1032 est
1295 968 1421 1037 salsum,
1433 970 1510 1046 quia
1521 969 1566 1030 sie
1577 987 1732 1046 sequere·

105 1056 176 1118 est,
201 1043 371 1125 quassasti
393 1049 424 1103 et
444 1059 530 1118 seq„
555 1047 630 1102 sunt
653 1041 895 1116 dispositiones,
947 1051 1001 1106 tur
1021 1045 1106 1123 qubd
1126 1047 1229 1107 omnis
1252 1047 1360 1108 anima
1386 1051 1471 1108 esset
1486 1046 1594 1125 gratias
1615 1064 1729 1124 capax.

105 1126 228 1202 quibus
244 1127 340 1184 homo
360 1119 587 1184 convenienter
598 1119 778 1197 disponitur
791 1117 825 1178 in
842 1135 897 1180 or·
947 1125 1016 1184 Non
1031 1140 1108 1202 ergo
1120 1125 1261 1187 essentia
1277 1125 1392 1188 anime
1406 1130 1455 1186 cst
1473 1125 1638 1204 proprium
1652 1127 1733 1188 sub-

105 1203 183 1264 dine
198 1203 237 1264 ad
251 1206 411 1271 naturam,
424 1196 489 1276 qud
505 1199 599 1258 bomo
613 1203 672 1258 est.
688 1199 828 1259 Virtutes
839 1213 896 1258 au·
944 1201 1063 1281 iactum
1077 1204 1197 1278 gratim.

105 1289 173 1342 tem
187 1281 299 1342 infuse
312 1278 486 1356 disponunt
502 1276 647 1338 homines
664 1275 770 1338 altiori
782 1275 894 1347 modo,
985 1278 1016 1339 t.
1038 1280 1209 1352 Praeterea,
1225 1280 1364 1342 essentia
1381 1279 1557 1342 animasset
1570 1279 1660 1356 prior
1674 1297 1731 1372 po·

105 1367 139 1420 et
161 1360 202 1420 ed
227 1359 373 1421 aitiorem
400 1355 516 1427 iinem3
541 1354 627 1414 unde
650 1354 745 1416 etiam
771 1355 897 1430 oportet
946 1358 1053 1418 tentiis
1068 1358 1148 1436 ejus.
1163 1359 1253 1420 Prius
1271 1365 1379 1420 autem
1395 1363 1498 1436 potest
1514 1357 1728 1436 inteiligisme

105 1439 195 1514 quod
209 1439 240 1498 in
251 1436 362 1498 ordine
374 1434 413 1496 ad
426 1433 567 1511 aliquam
576 1432 722 1496 altiorem
731 1435 893 1504 naturam,
946 1436 1129 1528 posteriori.
1146 1437 1230 1530 Ergo
1250 1437 1396 1513 sequitur
1413 1435 1496 1516 qubd
1515 1436 1618 1516 gratia
1633 1437 1733 1512 possit

105 1515 170 1577 hoc
185 1520 247 1588 est,
263 1515 295 1575 in
308 1513 419 1575 ordine
433 1512 471 1572 ad
487 1511 780 1572 naturamdivinam
790 1509 896 1586 parti-
946 1513 1081 1592 intelligi
1102 1514 1135 1574 in
1152 1515 1277 1586 anima,
1299 1513 1388 1576 nuiid
1410 1518 1500 1592 parte
1513 1515 1568 1576 uei
1591 1511 1734 1590 potentid

105 1589 587 1671 cipatam‚quaedicituriumee
599 1589 707 1666 ‚qratia
721 1583 895 1649 secundirm
947 1593 1062 1654 animas
1083 1591 1261 1664 intellecti,
1284 1593 1404 1653 scilicet
1423 1609 1526 1670 neque
1548 1592 1730 1666 voluntate,

105 1671 320 1748 qubddicitur
338 1671 358 1730 Ξ
374 1670 457 1730 Petr.
471 1668 501 1738 1,
515 1665 710 1730 tritissima
721 1674 749 1726 st
758 1667 896 1744 pretiosa
947 1687 1052 1748 neque
1071 1670 1253 1743 intellectu,
1276 1688 1381 1748 neque
1403 1671 1513 1749 aliquo
1529 1669 1730 1749 hujusmodi,
1821 1699 1822 1708 ¹

105 1749 197 1811 vobis
207 1750 361 1829 promissa
373 1747 511 1814 doaaoit,
526 1754 562 1806 ut
600 1763 632 1806 er
642 1745 703 1808 boc
717 1743 896 1882 sseiomim'
947 1748 1031 1827 quod
1046 1753 1093 1810 est
1106 1748 1346 1810 inconveniens.

105 1828 224 1890 divisse
238 1835 396 1890 consortes
416 1833 547 1886 nature.
593 1829 603 1883 t
620 1841 717 1884 secun
740 1841 794 1884 um
806 1837 896 1883 acce·
986 1826 1045 1888 Sed
1061 1831 1170 1888 contra
1186 1833 1234 1888 est
1247 1827 1331 1902 quod
1346 1826 1549 1905 pergratiam
1561 1842 1734 1918 regenera-

106 1908 249 1984 ptionem
272 1903 454 1983 hujusmodi
471 1906 594 1963 naturae
614 1901 749 1962 dicimur
763 1917 895 1978 regene-
946 1906 1063 1967 muria
1078 1905 1160 1968 iiiios
1168 1907 1236 1967 Dei.
1247 1904 1306 1966 Sed
1320 1905 1483 1984 generatio
1493 1922 1552 1982 per
1562 1921 1652 1982 prius
1664 1913 1733 1964 ten

106 1985 175 2044 rari
192 1985 223 2044 in
238 1984 320 2044 iiiios
332 1983 401 2044 Dei.
415 1983 502 2044 Sicut
516 1979 613 2059 igitur
624 1981 731 2040 iumen
748 1977 894 2040 naturaie
947 1983 1088 2044 minatur
1111 1985 1151 2046 ad
1178 1983 1348 2046 essentiam
1374 1981 1472 2061 quam
1495 1981 1535 2043 ad
1560 1982 1731 2060 potentias.

106 2063 242 2125 rationis
264 2066 312 2124 est
336 2061 456 2138 aliquid
485 2065 600 2136 praeier
623 2059 758 2120 viriubes
784 2057 895 2133 acqui·
945 2062 1030 2202 Ergo
1049 2063 1151 2141 gratia
1172 2062 1337 2140 perprius
1358 2059 1734 2123 estinessentidanimoe

107 2141 200 2208 sitas.
213 2139 483 2218 quedieunsurin
495 2138 607 2198 ordine
620 2137 659 2200 ad
671 2136 895 2214 ipsumlumen
946 2157 991 2217 qu
1014 2158 1045 2199 m
1063 2142 1095 2201 in
1110 2141 1270 2218 potentiis.

106 2221 274 2290 naturaie3
299 2219 343 2279 ita
373 2218 470 2278 etiam
497 2215 602 2292 ipsum
630 2216 738 2276 lumen
765 2212 894 2290 gratie,
986 2219 1174 2295 Respondeo
1188 2218 1355 2280 dicendum
1368 2216 1452 2295 qubd
1467 2217 1527 2278 ista
1546 2215 1680 2293 quaestio
1692 2233 1733 2276 ex

107 2298 195 2374 quod
212 2301 260 2358 est
273 2295 475 2374 participatio
486 2293 602 2356 divinae
620 2298 759 2359 nature.
776 2294 824 2352 est
838 2289 897 2380 ali·
947 2297 1135 2373 praecedenti
1150 2296 1315 2374 dependet.
1329 2296 1360 2356 Si
1378 2296 1462 2356 enirn
1479 2295 1580 2373 gratia
1596 2295 1637 2354 sit
1651 2293 1734 2354 idem

106 2375 187 2450 quid
202 2380 316 2452 preter
333 2374 466 2436 virtutes
487 2370 631 2443 infusas,
647 2387 720 2446 quse
738 2365 758 2430 ai
775 2370 897 2428 lumme
948 2373 1033 2451 quod
1050 2375 1164 2445 virtus,
1184 2392 1314 2435 necesse
1328 2377 1376 2436 est
1391 2372 1476 2451 qubd
1490 2373 1530 2434 sit
1546 2369 1734 2448 inpotentia

9 2501 10 2504 .
107 2453 166 2514 iiio
180 2453 376 2524 derivantur,
387 2457 417 2512 et
428 2452 467 2514 ad
477 2450 554 2510 iilud
565 2451 672 2510 lumen
684 2447 895 2510 ordinantur:
948 2452 1064 2513 animas
1083 2453 1165 2514 sicut
1184 2453 1217 2513 in
1237 2451 1397 2530 subjecto;
1418 2467 1492 2512 nam
1508 2450 1650 2528 potentia
1665 2449 1735 2510 ani-

9 2567 10 2570 *
106 2531 452 2609 undebpostoiusdicii
461 2530 499 2590 ad
509 2529 626 2605 Ephes.
638 2525 668 2597 5,
677 2525 712 2586 8:
721 2526 752 2586 E
754 2524 899 2586 ratisait‘·
948 2545 1007 2592 mas
1016 2535 1064 2590 est
1074 2529 1238 2609 proprium
1251 2530 1429 2609 subjectum
1440 2528 1577 2600 virtutis,
1589 2530 1625 2588 ut
1635 2541 1734 2604 supra

9 2627 10 2662 1
107 2609 233 2688 quoodo
247 2608 393 2671 tenebre.
405 2625 490 2668 auae
504 2615 604 2668 autea
620 2607 678 2667 tue
689 2605 725 2665 ia
739 2602 896 2670 Domino.
949 2606 1137 2680 dictumest,
1153 2625 1208 2687 qu.
1220 2607 1270 2678 56,
1282 2613 1342 2668 art.
1357 2608 1385 2668 1.

106 2697 143 2746 ut
169 2687 230 2767 sbi
252 2687 332 2747 tucis
355 2685 517 2748 ambulate.
545 2685 632 2744 Sicut
656 2683 741 2744 enim
764 2681 897 2742 virtutes
989 2685 1020 2748 Si
1035 2689 1142 2748 autem
1156 2687 1257 2765 gratia
1271 2685 1373 2746 diiiert
1385 2683 1404 2746 d
1416 2683 1542 2755 virtute,
1554 2698 1619 2742 non
1631 2683 1736 2760 potest

10 2799 11 2820 2
107 2764 275 2842 acquisitae
296 2763 466 2842 perficiunt
489 2762 652 2824 hominem
667 2761 706 2822 ad
723 2759 899 2822 ambulan—
949 2763 1009 2825 dici
1027 2764 1112 2844 qubd
1133 2765 1275 2844 potentia
1296 2761 1411 2825 animae
1429 2763 1470 2824 sit
1491 2762 1601 2840 gratiss
1622 2759 1736 2838 subje-

9 2865 11 2876 ·
107 2837 393 2915 dum,secundi1m
409 2841 493 2920 qubd
508 2840 656 2918 congruit
670 2837 783 2900 lumini
803 2842 900 2898 natu-
950 2847 1055 2913 ctum,
1070 2841 1147 2921 quia
1162 2843 1265 2904 omnis
1288 2841 1438 2920 perfectio
1459 2840 1606 2918 potentiae
1620 2839 1736 2900 anime

108 2922 171 2984 raii
194 2921 349 2992 rationis3
373 2920 417 2980 ita
439 2921 572 2980 virtutes
596 2915 709 2979 iniussa
718 2914 902 3054 zperficiunt
950 2920 1046 2982 habet
1058 2922 1215 2984 rationem
1230 2921 1367 2990 virtutis,
1382 2926 1418 2981 ut
1431 2933 1530 2997 supra
1544 2917 1734 2986 dictumest,

9 3023 11 3058 ;
107 2998 273 3060 hominem
292 2998 333 3060 ad
353 2996 598 3070 ambulandum,
619 3012 718 3058 secun
740 2989 794 3055 ism
813 2991 899 3071 qubd
950 3003 1012 3060 art.
1036 2999 1065 3074 1,
1087 3018 1143 3093 qu.
1165 2997 1204 3059 55
1218 3004 1249 3060 et
1265 2997 1315 3058 56.
1336 2997 1423 3060 Unde
1445 2993 1637 3072 relinquitur
1649 2993 1736 3071 qubd

9 3101 11 3132 r
108 3079 262 3156 congruit
272 3076 384 3140 lumini
398 3077 520 3154 gratie.
950 3077 1065 3167 gratia,
1079 3083 1161 3140 sicut
1174 3082 1223 3140 est
1235 3077 1325 3154 prius
1336 3075 1465 3146 virtute,
1477 3075 1522 3136 ita
1532 3073 1649 3134 babeat
1661 3073 1736 3133 sub·

148 3156 199 3216 Ad
221 3155 359 3232 primum
384 3173 419 3214 er
441 3171 461 3214 o
486 3149 654 3214 dicendum
678 3147 765 3228 qudd
786 3147 900 3227 bugu·-
947 3159 1067 3232 jectum
1095 3157 1185 3233 prius
1212 3155 1361 3233 potentiis
1389 3154 1522 3224 anime,
1546 3151 1591 3212 ita
1616 3149 1738 3212 scilicet

108 3234 214 3296 stinus
229 3233 407 3312 nominati
431 3251 475 3292 cm
485 3249 542 3309 per
560 3229 753 3291 ditectionem
767 3244 899 3304 eperun-
950 3232 1035 3310 qubd
1053 3232 1093 3294 sit
1107 3234 1140 3296 in
1154 3231 1293 3296 essentid
1313 3231 1438 3294 animae.
1463 3229 1550 3292 Sicut
1570 3228 1655 3290 enim
1679 3245 1737 3306 per

9 3341 10 3374 ι
109 3323 173 3372 sem
189 3313 335 3390 gratiam,
347 3311 424 3389 quia
436 3315 527 3371 actus
542 3305 612 3368 fidei
628 3304 898 3384 perdilectionem
949 3312 1125 3387 potentiam
1140 3311 1363 3374 intellectivam
1385 3309 1482 3372 homo
1499 3307 1669 3386 participat
1682 3324 1736 3368 co-

109 3391 274 3468 operantis
299 3393 348 3450 esi
374 3387 496 3466 pmmus
526 3391 615 3448 actus
642 3385 676 3445 in
704 3399 770 3463 quo
796 3381 899 3462 gratia
947 3389 1126 3466 ‘gnitiouem
1139 3390 1282 3450 divinam
1296 3407 1353 3467 per
1373 3389 1520 3450 virtutem
1535 3385 1618 3458 fidei,
1632 3388 1738 3446 etse·-

9 3495 11 3532 ι
109 3474 241 3547 8111111111
256 3467 375 3531 iaciens
387 3464 620 3528 manifestatur·
726 3501 727 3506 κ
951 3465 1090 3530 cundum
1108 3470 1284 3545 potentiam
1300 3468 1471 3530 voluntatis
1486 3481 1628 3526 amorem
1649 3463 1738 3522 divi-

9 3585 11 3612 ÷
149 3547 199 3607 Au
214 3546 390 3607 secunaum
403 3542 570 3606 dicendum
587 3539 671 3619 quod
685 3539 799 3602 bonam
814 3537 899 3616 posi·
950 3563 1028 3606 num
1044 3564 1101 3623 per
1116 3546 1261 3608 virtutem
1284 3544 1472 3611 eharitatis.
1495 3543 1539 3603 isa
1562 3543 1658 3602 etiam
1679 3557 1738 3616 per

9 3657 12 3686 i
110 3631 181 3686 tum
195 3625 228 3685 in
250 3623 433 3686 definitione
453 3621 577 3684 virtutis
597 3620 712 3680 dieitur
725 3615 899 3678 seeundum
952 3627 1099 3684 naturam
1114 3625 1228 3686 animm
1242 3624 1409 3700 participat
1431 3616 1604 3684 secundirm
1618 3635 1737 3695 quam.

9 3729 13 3770 i
110 3703 369 3764 convenientiam
385 3701 425 3762 ad
446 3700 588 3777 aliquam
602 3701 752 3758 naturam
763 3694 899 3772 praeexi-
950 3700 1022 3762 dam
1055 3702 1294 3762 similitudinem
1329 3703 1477 3763 naturam
1508 3697 1647 3758 divinam
1680 3713 1738 3788 per

9 3817 10 3844 1
111 3785 268 3851 stentem,
284 3780 335 3842 tel
356 3777 576 3849 1111815ῑᾶ1011,
591 3775 642 3838 Vel
657 3773 898 3864 participatam}
952 3780 1124 3856 quamdam
1146 3779 1440 3858 regenerationem,
1462 3776 1532 3838 sive
1556 3779 1736 3836 recreatio-

9 3891 11 3924 i
111 3860 160 3920 sio
175 3855 410 3924 autemboaum
428 3871 493 3916 non
507 3853 691 3916 attribuitur
702 3854 829 3929 gratiae,
845 3849 900 3912 sed
952 3873 1037 3916 nem,

9 3967 12 4004 ;
112 3937 198 3998 sicut
208 3935 305 3996 radici
316 3933 466 3998 bonitatis
477 3933 511 3994 in
523 3932 664 4005 bomine,
677 3933 714 3991 ut
726 3928 901 3990 dictumest
991 3934 1038 3994 Ad
1061 3934 1200 4011 primum
1215 3951 1292 4013 ergo
1308 3931 1477 3994 dicendum
1500 3929 1584 4009 quod
1600 3929 1682 3990 sicut
1695 3929 1738 3990 ab

9 4049 11 4084 i
112 4015 147 4075 in
165 4031 253 4091 011111·
267 4019 329 4076 art·
951 4009 1091 4074 essentie
1113 4013 1228 4074 animas
1249 4009 1383 4072 eiiiuunt
1406 4009 1475 4088 ejus
1499 4008 1738 4086 potentiaeque

9 4125 11 4164 :
152 4091 201 4154 Ad
214 4092 343 4152 tertium
356 4087 524 4152 dicendum
548 4086 634 4167 qubd
658 4083 900 4165 gradareduci-
952 4095 1027 4154 sunt
1048 4107 1183 4167 operum
1211 4090 1387 4168 principia,
1415 4089 1459 4150 ita
1485 4086 1581 4149 etiam
1603 4088 1644 4147 ab
1666 4084 1736 4163 ipsb

112 4174 169 4232 tur
187 4169 227 4231 ad
248 4169 386 4247 primam
405 4167 542 4247 speciem
566 4163 751 4244 qualitatis3
767 4180 825 4224 nec
845 4166 902 4222 ta-
952 4165 1055 4246 gratid
1067 4167 1201 4230 effluunt
1215 4169 1348 4229 virtutes
1372 4167 1405 4226 in
1425 4165 1583 4244 potentias
1602 4157 1735 4238 anime,

112 4265 188 4309 men
216 4253 264 4308 est
292 4247 375 4310 idem
401 4245 489 4324 quod
516 4245 639 4316 tirius,
665 4241 721 4303 sed
747 4240 900 4302 habitudo
952 4263 1010 4322 per
1023 4262 1104 4323 quas
1118 4247 1265 4324 potentias
1279 4251 1448 4306 moventur
1461 4245 1500 4306 ad
1521 4247 1622 4306 actus.
1637 4243 1677 4304 Et
1688 4261 1738 4304 se-

9 4389 10 4394 ,
114 4325 281 4403 quedam,
297 4344 370 4404 quse
389 4323 646 4414 presupponitur
659 4320 829 4382 virtutibus
848 4337 902 4380 m-
952 4321 1092 4387 cundsim
1113 4325 1174 4388 hoo
1187 4327 1290 4405 gratia
1315 4329 1520 4401 comparatur
1534 4323 1573 4384 ad
1585 4321 1739 4383 volunta·-

114 4403 209 4478 iusis‚
225 4405 308 4466 sicut
319 4421 431 4466 earum
443 4401 636 4480 principium
650 4402 681 4460 ei
692 4397 795 4459 radix.
953 4407 1033 4476 tem,
1053 4411 1089 4464 ut
1100 4421 1231 4466 mouens
1247 4403 1287 4466 ad
1306 4407 1439 4474 motum,
1454 4419 1527 4480 quae
1539 4405 1587 4460 est
1606 4415 1735 4476 compa—

113 4487 294 4544 Anrreueus
314 4477 529 4544 rv.—Utrdm
545 4477 704 4558 pretiosis
719 4475 754 4538 ia
772 4475 902 4536 essentia
953 4481 1035 4542 ratio
1057 4483 1192 4544 sessoris
1215 4483 1253 4544 ad
1278 4499 1417 4558 equum,
1436 4496 1501 4540 non
1524 4482 1632 4540 autem
1655 4477 1739 4539 sicut

155 4561 263 4622 anime
281 4559 362 4622 sicut
380 4559 415 4621 in
436 4557 592 4638 subjecto.
611 4573 652 4616 aa
669 4555 706 4616 ia
722 4553 828 4632 usqua
836 4572 901 4634 po·
952 4559 1098 4622 accidens
1117 4561 1157 4622 ad
1174 4560 1363 4638 subjectum.

156 4635 425 4718 beatiorum-(3
434 4656 489 4718 p„
508 4653 560 4716 dti-
573 4634 614 4709 '12
629 4641 690 4694 ati·
705 4631 736 4706 2,
753 4649 858 4710 corp„
874 4639 902 4693 et
991 4635 1031 4698 Et
1045 4656 1101 4715 per
1115 4637 1177 4698 hoe
1193 4639 1289 4698 etiam
1309 4639 1396 4714 patet
1421 4633 1540 4695 solutio
1560 4632 1599 4695 ad
1621 4649 1739 4695 seeun-

154 4736 208 4798 qu.
223 4717 281 4789 62,
294 4723 355 4776 art.
369 4715 407 4789 2,
424 4733 479 4777 cor
504 4758 524 4783 .,
539 4721 566 4774 et
581 4711 617 4786 Ξ,
628 4711 703 4773 dist.
723 4709 780 4784 ab,
797 4728 849 4790 pst.
864 4709 900 4786 1,
952 4714 1040 4776 dum.
1059 4715 1116 4776 Est
1138 4715 1222 4776 enim
1245 4715 1347 4796 gratia
1369 4711 1562 4792 principium
1584 4709 1738 4772 meritorii

156 4805 218 4856 art.
231 4793 262 4868 3,
276 4803 305 4856 ei
323 4795 394 4856 Ver.
407 4811 459 4874 qu.
517 4838 525 4865 ‚
541 4799 602 4852 ort.
615 4789 646 4850 b.
660 4789 670 4869 )
953 4793 1059 4870 operis
1072 4793 1284 4856 mediantibus
1297 4793 1489 4863 virtutibus,
1505 4789 1586 4850 sicui
1600 4788 1738 4850 essentia

154 4873 203 4934 Ad
211 4876 361 4952 quartum
372 4871 619 4951 sioproceditur.
633 4865 902 4944 avisamenta
953 4872 1068 4934 animas
1080 4877 1129 4933 est
1147 4871 1339 4950 principium
1357 4887 1491 4938 operum
1502 4867 1575 4930 vite
1588 4865 1740 4928 median-

116 4953 220 5041 gratia
232 4969 297 5012 non
311 4951 353 5012 sit
364 4951 397 5010 in
412 4947 553 5014 essentia
562 4949 768 5010 animassicut
781 4945 813 5005 in
826 4947 902 5007 sub·
953 4949 1039 5012 tibus
1053 4949 1213 5028 potentiis.

115 5035 220 5109 pecto,
236 5030 290 5092 sed
305 5029 338 5090 in
353 5027 462 5106 aliqud
481 5027 705 5106 potentiarum.
719 5023 802 5086 Dicit
815 5025 901 5084 enim
993 5027 1039 5088 Ad
1053 5029 1181 5091 tertium
1193 5027 1359 5089 dicendum
1375 5023 1459 5104 qudd
1472 5023 1580 5086 anima
1592 5026 1641 5084 est
1655 5023 1736 5084 sub-

117 5107 315 5186 Augustinus
337 5105 439 5186 (atius
462 5103 593 5184 auctor)
610 5103 642 5164 in
659 5101 900 5183 Hy'pognostic„
951 5105 1071 5198 jectum
1091 5112 1217 5186 gratiae,
1231 5103 1405 5167 secundum
1419 5101 1504 5180 qubd
1520 5106 1568 5164 est
1584 5101 1619 5162 in
1633 5101 1741 5178 specie

117 5183 173 5246 lib.
184 5185 214 5257 3,
228 5183 342 5265 parium
354 5183 375 5248 d
388 5186 504 5263 princ..
519 5181 604 5260 qubd
620 5181 725 5260 pretio
738 5197 903 5258 compera—
955 5184 1177 5246 intellectualis
1191 5185 1242 5246 rel
1256 5181 1422 5246 rationalis
1441 5185 1576 5242 nature.
1598 5179 1668 5242 Non
1684 5195 1736 5264 au·

119 5271 172 5323 tur
185 5263 225 5325 ed
238 5265 437 5332 uoluntatem,
453 5263 516 5324 sive
530 5259 569 5322 od
581 5259 710 5323 liberum
723 5255 900 5326 arbitrium,
954 5266 1018 5323 tem
1031 5264 1236 5324 constituitur
1249 5263 1357 5324 anima
1369 5260 1403 5321 in
1414 5261 1520 5339 specie
1529 5277 1587 5338 per
1596 5258 1737 5334 aliquam

117 5342 199 5404 siout
213 5360 312 5404 sessor
324 5341 364 5404 ad
378 5359 497 5421 equam.
514 5338 574 5400 Sed
592 5339 757 5409 voluntas,
775 5336 842 5398 sive
856 5336 903 5398 ti·
954 5339 1148 5420 poteutiam‚
1169 5339 1242 5402 cium
1266 5339 1417 5419 potentias
1442 5337 1507 5400 sint
1530 5336 1737 5415 proprietates

119 5421 230 5482 berum
253 5419 422 5482 arbitrium
444 5424 491 5480 est
535 5417 655 5478 otentia
681 5415 844 5493 quaedam.
867 5420 903 5476 ut
955 5419 1118 5480 naturales
1138 5419 1270 5492 animae,
1287 5417 1423 5496 speciem
1438 5418 1681 5493 consequentes.
1705 5409 1739 5472 st

119 5497 150 5556 in
173 5499 188 5558 1
212 5498 330 5560 dictum
350 5500 415 5569 est,
431 5514 486 5574 qu.
506 5436 556 5567 tid,
574 5500 634 5556 art.
648 5493 678 5554 Ξ.
694 5495 779 5572 Ergo
800 5495 903 5572 gratia
955 5496 1143 5559 idebanima
1158 5494 1332 5558 secunddm
1345 5513 1436 5558 suam
1452 5494 1624 5557 essentiam
1636 5489 1740 5551 diuers

119 5581 166 5636 est
180 5578 212 5638 in
226 5573 368 5654 potentiis
384 5575 499 5636 anime
511 5573 593 5634 sicut
604 5573 639 5634 in
654 5573 808 5651 subjecto.
956 5575 1062 5652 specie
1079 5577 1120 5638 ab
1139 5576 1211 5637 aliis
1233 5575 1420 5644 animabus,
1436 5571 1557 5634 scilicet
1571 5572 1739 5632 brutorum

156 5655 186 5713 2.
209 5655 427 5726 Pisaurense
442 5653 545 5730 prasio
556 5651 716 5732 incipiunt
729 5649 839 5710 asscito
848 5649 904 5710 bo·
955 5654 1141 5716 animalium
1155 5658 1187 5714 ei
1199 5655 1392 5732 plantarum.
1406 5651 1446 5711 lit
1456 5659 1586 5729 propter
1601 5650 1660 5708 boc
1674 5664 1739 5707 non

119 5733 228 5800 asiais,
251 5738 285 5792 ut
301 5731 499 5808 augustinus
521 5729 614 5804 dicit,
630 5731 685 5792 lib.
709 5729 747 5790 de
764 5727 851 5788 Grai.
874 5733 904 5788 et
956 5732 1113 5808 sequitur,
1125 5732 1153 5794 si
1168 5732 1306 5796 essentia
1322 5727 1591 5802 bumanaeanimsc
1604 5727 1644 5789 sit
1656 5725 1738 5786 sub-
