4038 6350
282 331 334 390 807

305 439 367 503 ubd
380 437 535 503 sacerdoti
550 440 618 502 erat
630 441 812 504 necessaria
826 441 984 520 sapientia
994 460 1065 505 cor·

281 459 328 580 iis
343 517 609 598 adinstruendum
623 520 789 596 populum,
805 521 891 598 quod
902 521 1082 600 significa-'

281 597 378 658 hatur
391 616 450 674 per
466 603 585 674 pectus,
601 598 686 674 quod
700 603 748 660 est
760 603 979 677 tegumentum
994 619 1066 660 cor-

239 721 243 728 .
281 675 348 746 dis;
375 680 406 736 ct
440 675 535 736 etiam
571 675 720 737 fortitude
753 677 793 738 ad
821 679 1067 740 sustentandum

282 753 433 826 delectus,
451 771 523 831 quae
549 753 746 834 significatur
766 773 823 832 per
840 771 967 816 armum
985 757 1068 819 den-

281 835 375 892 trum.

319 909 365 970 Ad
381 925 502 970 nonum
520 907 688 971 dicendum
705 909 791 987 quod
807 911 884 989 quia
904 911 1066 976 holocau-

280 991 365 1048 stum
393 994 462 1049 erat
488 988 752 1062 perfectissimum
778 991 862 1050 inter
885 991 1063 1064 sacrilicia,

279 1065 351 1127 idcb
373 1084 437 1126 non
464 1066 658 1128 ollerebatur
686 1068 718 1127 in
749 1067 974 1132 holocaustum
1001 1070 1064 1131 nisi

278 1147 460 1214 masculus;
479 1162 554 1205 nam
574 1144 701 1206 loemina
716 1149 764 1206 cst
778 1147 897 1208 animal
919 1147 1066 1224 imperie-

280 1227 376 1282 ctum.
401 1223 528 1284 Oblatio
546 1228 654 1284 autem
673 1228 833 1285 turturum
849 1229 880 1285 et
901 1227 1065 1288 columba·

196 1313 198 1316 ·
278 1318 351 1360 rum
367 1307 436 1362 erat
455 1306 585 1379 propter
602 1306 822 1380 paupertatem
840 1303 1063 1374 offerentium,

279 1379 356 1456 quia
368 1379 491 1459 majora
506 1380 659 1442 animalia
679 1379 795 1458 ollerrc
814 1399 879 1442 non
895 1388 1062 1458 poteran13

279 1463 311 1516 et
330 1458 408 1533 quia
427 1458 538 1518 hostiae
579 1458 696 1519 acificro
714 1457 812 1536 gratis
833 1457 1062 1533 offerebantur,

278 1537 310 1594 et
329 1535 436 1596 nullus
450 1553 541 1598 ease
567 1553 638 1596 erre
659 1538 832 1622 cogebatur
853 1538 915 1598 nisi
940 1543 1065 1616 sponta·

277 1629 376 1682 neus,
397 1613 465 1674 ideb
481 1613 663 1692 hujusmodi
679 1631 754 1675 aves
770 1631 834 1676 non
848 1613 1065 1678 ollerebantur

277 1689 360 1750 inter
375 1692 494 1754 hostias
514 1693 680 1769 pacificae,
697 1692 752 1754 scd
772 1693 856 1754 inter
874 1695 1064 1758 holocausta

276 1775 308 1828 et
319 1769 438 1831 hostias
450 1787 507 1848 pro
518 1774 659 1848 peccato,
672 1787 753 1848 quas
766 1773 959 1849 quandoque
969 1790 1063 1849 opor-

277 1848 363 1908 tebat
376 1847 503 1910 ollerre.
521 1851 603 1910 Aves
618 1847 715 1910 ctiam
735 1849 917 1928 hujusmodi
934 1855 1063 1928 propter

276 1925 477 1986 altitudinem
507 1925 634 1988 volatris
666 1934 848 2005 congruunt
873 1929 1061 2006 perlectioui

275 2003 550 2076 holocaustorum,
566 2011 597 2065 et
609 2004 705 2066 ctiam
720 2004 832 2066 hostiis
846 2024 905 2084 pro
917 2012 1060 2085 peccato,

275 2083 353 2160 quia
369 2083 488 2144 habent
498 2083 648 2161 gemitum
653 2100 720 2220 ⁸fro
735 2089 842 2145 cantu.

316 2159 362 2220 Ad
384 2161 541 2221 decimum
559 2161 651 2222 dicen
674 2179 727 2221 um
744 2161 828 2240 qubd
851 2162 935 2224 inter
953 2163 1061 2226 omnia

239 2253 240 2258 ¹
277 2238 660 2300 sacriticia'ltoloceustom
674 2243 743 2300 erat
760 2241 971 2318 praecipuum,
983 2243 1061 2319 quia

276 2319 377 2376 totum
388 2319 636 2378 comburebatur
648 2317 679 2378 in
693 2317 848 2379 honorem
860 2321 928 2390 Dei,
940 2324 971 2380 et
982 2321 1060 2381 nibil

277 2411 317 2454 ex
332 2411 370 2455 co
390 2396 624 2456 comedebatur.
655 2395 834 2458 Secundum
859 2397 934 2460 verb
955 2399 1061 2459 locum

276 2472 309 2531 in
324 2474 490 2534 sanctitate
506 2475 633 2534 tenebat
645 2473 747 2535 hostie
759 2494 818 2552 pro
832 2484 968 2554 peccato,
983 2476 1060 2553 quia
1093 2483 1097 2494 '

276 2551 501 2646 comedebatur
518 2551 629 2644 soldur-
644 2571 677 2612 ιιι
700 2553 783 2643 atrio
800 2552 820 2615 d
842 2555 1059 2616 sacerdotibus

275 2629 1060 2788 haiiltitillanti&althalia

274 2802 414 2922 ine'li'uae
431 2785 679 2924 eosnedebantutr
693 2788 762 2865 ipso
784 2789 854 2927 diei
871 2789 926 2849 sed
940 2789 1060 2927 uiique

274 2865 1061 3023 a..litii-t{leitiladistillata

273 3021 1059 3157 Koterantetiamidcrastinocomedi.Etestratio

273 3099 1059 3242 allitrittalaudabilitatis?

274 3256 345 3392 Elec
356 3195 529 3318 pollinsamJ
550 3199 777 3328 commissam,
797 3224 902 3320 ’tertio
915 3200 1057 3338 ¹prolirter

296 3331 429 3396 enclrcia
445 3334 512 3413 jam
528 3339 697 3412 suscepta,
712 3335 828 3413 quarto
839 3343 977 3416 ¹propter
996 3341 1058 3401 be-

275 3409 538 3488 ueficiasperala.

315 3489 362 3549 lld
394 3490 596 3556 undecimum
623 3489 791 3552 dicendum
814 3493 901 3570 qubd
928 3500 1058 3571 peccata

274 3572 491 3646 aggravantur
502 3587 543 3630 en
559 3572 644 3630 statu
662 3569 835 3647 peccantis,
847 3576 883 3633 ut
899 3590 998 3650 supra
1012 3575 1058 3634 di·

274 3649 359 3706 ctum
375 3651 433 3718 est,
445 3654 558 3725 quaest.
575 3647 626 3718 73,
641 3653 701 3708 art.
717 3647 765 3722 10,
782 3653 813 3710 et
833 3650 906 3712 ideb.
924 3651 988 3713 alia
1000 3653 1058 3712 ho-

273 3725 334 3785 stia
359 3726 571 3788 mandabatur
585 3723 693 3787 ollerri
711 3743 770 3803 pro
791 3735 922 3806 peccato
944 3748 1058 3792 saecr-

273 3802 354 3863 dotis
370 3807 402 3864 et
438 3804 586 3882 rincipiS‚
606 3805 657 3866 vel
680 3805 810 3866 alterius
835 3808 967 3886 privatae
987 3827 1058 3885 per-

274 3897 371 3942 sonae.
432 3888 460 3943 st
489 3888 596 3944 autem
627 3883 872 3958 attendendum,
902 3891 937 3946 ut
966 3888 1056 3948 rabbi
1107 3883 1127 3961 s

272 3957 398 4038 Moyses
412 3961 503 4034 dieii,
518 3962 575 4021 lib.
592 3959 611 4020 3
626 3963 702 4022 Dua
722 3964 902 4032 errantium,
919 3981 989 4042 cap.
1005 3963 1056 4039 l'l,

273 4034 293 4099 d
308 4038 409 4110 med,
431 4039 515 4116 qubd
529 4040 645 4118 quanti
660 4041 787 4119 precius
802 4050 867 4102 erat
878 4052 1055 4119 peccatum,

170 4129 172 4136 ’
274 4117 362 4176 tenti
385 4115 482 4178 oiiior
498 4118 612 4196 species
631 4119 775 4179 animalis
794 4119 980 4200 offerebatur
994 4139 1055 4200 pro

275 4209 319 4252 eo.
334 4193 422 4256 Unde
433 4213 539 4273 repra,
555 4195 641 4275 quod
654 4201 703 4257 est
714 4197 902 4259 vilissimum
917 4199 1055 4274 animal,

274 4269 468 4334 ollerebatur
481 4290 539 4350 pro
555 4273 751 4347 idololatria,
769 4277 855 4352 quod
867 4281 916 4338 est
930 4280 1058 4354 gravis-

274 4349 389 4410 simum
425 4354 587 4423 eccatum3
604 4368 661 4429 pro
675 4353 856 4432 ignorantia
865 4355 940 4416 verb
953 4372 1058 4417 sacer·
1083 4395 1086 4402 ,

274 4509 337 4566 tem
341 4507 505 4644 (principis
517 4507 634 4569 hircus.
672 4563 678 4572 .

313 4585 338 4644 lt
376 4586 598 4650 duodecimum
612 4585 780 4648 dicendum
792 4586 876 4665 qubd
889 4589 942 4651 len
956 4589 988 4650 iu
1002 4608 1058 4653 sa-

273 4661 399 4726 crificiis
421 4665 587 4743 providere
607 4667 708 4727 voluit
727 4668 906 4746 paupertati
921 4666 1057 4729 olleren-

745 327 873 384 SUllllAE
892 329 1116 387 TilliOLOGlCAE
1136 333 1238 390 Putria
1258 335 1434 394 SECUNDAE.

1854 352 1902 412 Sid

1121 448 1317 523 sustinebat;
1334 452 1577 530 incrassiare,
1612 458 1683 520 uasi
1700 459 1738 520 ire
1752 464 1899 528 eraticula

1120 528 1263 599 adustus,
1275 533 1311 590 ut
1323 531 1399 592 dicit
1412 533 1525 595 Glossa
1539 553 1580 595 ex
1624 538 1765 616 esychio.

1160 607 1206 666 ad
1231 607 1388 670 decimum
1412 613 1538 689 tertium
1564 613 1731 676 dicendum
1754 619 1840 695 qubd
1862 641 1897 686 ea

1120 701 1192 760 quse
1209 685 1241 744 in
1261 703 1356 746 usum
1372 688 1508 750 heminis
1530 693 1663 753 veniunt
1677 695 1715 755 de
1728 699 1824 758 terrm
1838 717 1898 762 oa-

1120 764 1298 836 scentibus‚
1317 766 1367 826 vel
1384 768 1503 828 suntin
1517 771 1640 842 cibum,
1657 772 1741 834 etde
1755 774 1806 835 his
1820 777 1898 838 olie-

1119 843 1252 906 rebatnr
1272 845 1381 920 ponis:
1401 846 1453 906 vel
1468 854 1544 907 sunt
1562 849 1740 926 inpetum,
1759 857 1792 912 et
1804 854 1840 929 de
1853 856 1898 918 his

1122 917 1316 981 oflerebatur
1333 923 1458 991 einum:
1481 927 1531 985 vel
1561 931 1636 986 suut
1660 928 1693 989 in
1720 931 1900 998 condimen·

1119 999 1206 1066 tum,
1228 1003 1260 1060 et
1274 1000 1313 1060 de
1327 999 1377 1063 his
1392 1000 1585 1064 ollerebatur
1599 1004 1707 1074 oleum,
1722 1012 1755 1066 et
1768 1010 1836 1076 saia
1851 1015 1896 1073 vel

1118 1077 1239 1136 suntin
1256 1078 1531 1150 medicamentum,
1546 1087 1577 1142 et
1592 1082 1630 1144 de
1644 1083 1693 1144 his
1707 1083 1898 1151 offerebatur

1118 1153 1205 1221 thus,
1229 1156 1315 1231 quod
1332 1161 1381 1220 est
1401 1160 1612 1222 aromaticum
1634 1167 1665 1222 et
1688 1164 1898 1227 consolidati-

1117 1248 1204 1292 vum.
1216 1234 1391 1312 Perpanem
1400 1240 1505 1297 autem
1520 1237 1676 1316 liguratur
1686 1257 1763 1301 caro
1773 1241 1896 1314 Christi:

1116 1327 1175 1387 per
1186 1310 1293 1372 uinum
1308 1317 1414 1374 autem
1428 1317 1558 1392 sanguis
1574 1316 1655 1394 eius,
1670 1337 1840 1398 perquem
1853 1342 1899 1386 re·

1116 1388 1233 1465 dempti
1245 1408 1374 1463 sumum
1388 1391 1612 1472 otrumligurat
1623 1398 1760 1475 gratiam
1773 1397 1898 1474 Christi,

1116 1465 1163 1526 sei
1178 1467 1355 1541 scientiam,
1370 1469 1439 1530 thoe
1452 1475 1643 1533 orationem.

1155 1545 1202 1604 hd
1216 1545 1371 1607 decimum
1385 1554 1536 1625 quartum
1552 1551 1720 1613 dicendum
1736 1554 1826 1632 qubd
1847 1557 1899 1618 mel

1116 1639 1180 1682 nou
1196 1622 1389 1688 ollerebatur
1405 1627 1437 1687 in
1460 1628 1624 1690 sacrificiis
1639 1631 1717 1704 Dei,
1734 1638 1806 1694 tum
1827 1637 1898 1712 quia

1115 1707 1326 1764 consueverat
1350 1703 1457 1765 olierri
1483 1706 1517 1765 iu
1540 1708 1703 1771 sacrificiis
1723 1710 1897 1784 idolorum

1115 1783 1183 1839 tum
1197 1780 1292 1844 etiam
1306 1781 1344 1844 ad
1358 1782 1588 1846 excludendam
1599 1803 1727 1849 omnem
1738 1792 1898 1852 carnalem
1989 1785 1990 1792 '

1114 1857 1312 1920 dulcedinem
1329 1864 1360 1921 et
1373 1861 1569 1940 voluptatem
1581 1867 1623 1926 ab
1635 1866 1684 1927 his
1699 1868 1757 1946 qui
1770 1869 1839 1930 Deo
1851 1887 1899 1932 sa·
1990 1905 1991 1914 .

1114 1936 1258 1999 cribrare
1285 1938 1464 2000 intendunt.
1500 1941 1699 2004 Fermeotum
1726 1946 1807 2008 verb
1837 1965 1898 2008 non

1116 2013 1310 2077 ollerebatur
1333 2017 1373 2078 ad
1394 2019 1628 2081 excludendam·
1642 2025 1897 2102 corruptioneme

1114 2097 1146 2154 ct
1161 2093 1241 2154 lorti
1251 2095 1345 2156 etiam
1360 2097 1436 2172 quia
1450 2098 1482 2157 iu
1495 2099 1659 2162 sacrificiis
1670 2101 1831 2163 idolorum
1845 2122 1900 2164 se-

1112 2171 1205 2233 litum
1232 2178 1301 2234 erat
1327 2173 1447 2236 ollerri.
1473 2177 1663 2239 solantem
1694 2177 1899 2255 offerebatur,

1113 2249 1190 2326 quia
1202 2251 1331 2328 impedit
1340 2255 1576 2331 corruptionem
1588 2257 1787 2334 putredinis;
1804 2261 1901 2322 sacri-

1112 2327 1184 2390 licia
1203 2335 1310 2390 autem
1334 2330 1391 2392 Dei
1415 2332 1533 2393 debent
1554 2353 1625 2398 esse
1648 2335 1901 2414 incorrupta‚et

1112 2407 1208 2468 etiam
1224 2408 1301 2484 quia
1324 2409 1356 2468 iu
1378 2411 1445 2472 sale
1464 2411 1663 2490 significatur
1676 2413 1828 2476 discretio
1847 2433 1894 2478 sa·

1112 2485 1249 2561 pientiae,
1265 2486 1315 2548 vel
1330 2487 1426 2549 etiam
1448 2489 1650 2552 mortificatio
1670 2493 1790 2554 carnis.
1816 2493 1899 2554 Thus

1111 2567 1219 2624 autem
1237 2563 1431 2627 offerebatur
1448 2567 1514 2629 Deo
1532 2567 1572 2629 ad
1591 2569 1825 2648 designandam
1841 2572 1900 2633 de-

1112 2652 1273 2703 votionem
1292 2645 1427 2718 mentis,
1449 2663 1522 2723 quae
1544 2651 1594 2708 est
1615 2649 1802 2712 necessaria
1822 2649 1901 2711 olle·
1997 2655 1998 2672 ¹

1117 2722 1282 2794 rentibus,
1299 2727 1330 2784 et
1350 2723 1499 2784 etiamad
1518 2725 1750 2803 designandum
1770 2728 1900 2789 odorem
1998 2778 1999 2808 p

1112 2799 1204 2860 bonas
1213 2798 1315 2869 samaa
1325 2817 1400 2863 uam
1412 2802 1485 2863 thus
1496 2813 1527 2864 et
1539 2807 1657 2882 pingue
1671 2811 1720 2866 est
1729 2811 1761 2866 ct
1770 2805 1900 2866 odorus
1998 2813 1999 2828 .

1111 2895 1195 2938 rum.
1211 2879 1249 2938 Et
1263 2879 1340 2956 quia
1354 2880 1545 2942 sacrificium
1559 2875 1725 2962 zelotypiae
1737 2901 1805 2944 non
1817 2901 1897 2976 pre-

1112 2956 1536 3026 cedebatendevotione.sed
1547 2961 1695 3040 magisex
1704 2961 1895 3041 suspicione,

1111 3034 1181 3096 idcb
1192 3036 1225 3094 in
1242 3052 1280 3096 eo
1296 3052 1360 3096 non
1375 3035 1569 3099 oflerebatur
1584 3039 1669 3100 thus.

1111 3133 1289 3196 hanrcucus
1302 3151 1344 3194 ιν.
1360 3169 1399 3179 -
1409 3133 1521 3196 Utrum
1533 3135 1802 3216 assigneriposait
1817 3147 1896 3198 certo
2001 3144 2002 3182 l

1159 3213 1257 3350 ratio!
1269 3214 1517 3275 ceremoniarum
1544 3233 1611 3295 que
1638 3214 1678 3276 ad
1704 3234 1797 3277 secra
1825 3235 1896 3296 per-

1157 3291 1243 3351 tineo
1260 3334 1268 3350 .

1149 3409 1196 3472 hd
1206 3415 1358 3489 quartum
1368 3412 1415 3472 sic
1423 3411 1615 3490 proceditur.
1630 3414 1659 3473 1.
1669 3412 1804 3474 Videtur
1815 3411 1896 3490 qubd

1110 3491 1373 3552 ceremoniarum
1388 3491 1503 3552 veteris
1523 3491 1624 3569 legis,
1646 3508 1719 3570 quta
1739 3492 1779 3552 ad
1808 3507 1896 3553 saera

1109 3567 1287 3645 pertinent,
1303 3567 1464 3630 sufficiens
1479 3569 1560 3631 ratio
1571 3571 1635 3632 assi
1661 3571 1729 3631 nari
1745 3586 1812 3632 non
1825 3587 1896 3647 pes-

1110 3646 1161 3708 sit.
1185 3646 1266 3708 Dicit
1282 3646 1368 3707 enim
1390 3648 1527 3720 Paulus,
1543 3649 1612 3708 hcl.
1638 3587 1699 3722 ii,
1715 3645 1776 3706 ii:
1793 3649 1893 3714 Deus.

1108 3723 1248 3815 quisecit
1259 3723 1407 3784 mnndum
1419 3733 1447 3784 et
1459 3725 1641 3804 omniaque
1652 3725 1687 3786 in
1700 3745 1734 3786 co
1749 3737 1837 3794 aurit,
1850 3727 1896 3787 bic

1110 3802 1174 3862 celi
1191 3811 1219 3862 et
1232 3811 1321 3863 terre
1336 3801 1404 3864 crim
1417 3803 1459 3863 sit
1471 3804 1631 3872 derainer,
1646 3821 1713 3864 nere
1731 3805 1768 3866 iri
1783 3822 1898 3864 monu-

1122 3881 1200 3942 actis
1220 3880 1340 3958 templis
1359 3880 1488 3942 habitet.
1507 3882 1774 3944 inconvenienter
1799 3882 1896 3962 igitur

1109 3959 1149 4020 ad
1164 3959 1284 4020 cultum
1297 3960 1353 4020 Dei
1368 3961 1610 4022 tabernaculum
1625 3961 1675 4022 vel
1689 3961 1851 4038 templum
1865 3961 1896 4021 in

1108 4037 1138 4098 le
1162 4055 1178 4098 e
1193 4037 1292 4098 veteri
1305 4043 1353 4098 est
1367 4037 1558 4099 institutum.

1141 4056 1177 4176 ἱ.
1201 4117 1375 4189 Praeterea,
1396 4121 1497 4177 status
1515 4117 1631 4178 veteris
1648 4117 1728 4196 legis
1750 4133 1819 4177 uon
1840 4116 1897 4178 luit

1108 4194 1293 4255 immutatus
1310 4194 1371 4256 nisi
1394 4212 1451 4271 per
1467 4196 1644 4267 Christum3
1666 4195 1721 4256 sed
1741 4197 1897 4256 taberna-

1108 4274 1217 4334 culum
1231 4273 1418 4351 designabat
1433 4277 1551 4334 statum
1572 4273 1689 4334 veteris
1708 4273 1809 4352 legis3
1832 4290 1896 4334 uon

1108 4368 1185 4429 crgo
1199 4349 1308 4410 debuit
1325 4353 1443 4412 mutari
1457 4369 1516 4430 per
1530 4350 1773 4414 aedificationem
1794 4351 1896 4412 alicu·
1936 4423 1942 4434 ·

272 4419 355 4489 dotis
368 4367 562 4490 oliirebatur
573 4429 690 4490 vituios
698 4450 708 4498 ,·
718 4447 777 4509 pro
791 4431 984 4511 negligentia
996 4450 1058 4495 au·
1105 4428 1158 4507 jus
1172 4429 1290 4505 templi.

1147 4507 1176 4567 3.
1210 4509 1385 4578 Praeterea,
1409 4507 1517 4570 divina
1541 4507 1594 4569 lex
1619 4506 1780 4585 praecipue
1806 4507 1899 4570 debet

1107 4583 1253 4646 homines
1278 4585 1429 4647 inducere
1452 4585 1492 4646 ad
1515 4585 1659 4647 divinum
1681 4587 1817 4646 cultum.
1841 4587 1898 4648 Sed

1108 4663 1148 4724 ad
1171 4668 1379 4743 augmentum
1400 4663 1498 4724 divini
1522 4663 1626 4725 cultris
1650 4665 1790 4742 pertinet
1813 4665 1898 4742 qubd

273 4743 369 4816 tium3
382 4748 419 4804 ut
435 4743 490 4821 qui
507 4761 572 4804 non
583 4751 690 4822 posset
704 4746 822 4806 habere
836 4746 956 4806 animal
969 4763 1058 4825 qua·
1108 4740 1186 4804 liant
1202 4743 1303 4803 multa
1326 4741 1463 4810 altaria,
1485 4747 1518 4802 ct
1540 4743 1639 4803 multa
1660 4743 1798 4819 templa,
1819 4743 1898 4804 sicut

273 4819 413 4898 drupes,
441 4823 554 4884 saltem
579 4821 708 4882 ollcrrct
738 4840 852 4896 avem,
875 4840 972 4901 quam
1000 4826 1055 4901 qui
1108 4824 1193 4912 patet
1219 4819 1252 4911 in
1268 4819 1351 4880 novi
1366 4820 1445 4898 lege.
1459 4820 1544 4910 Ergo
1559 4819 1683 4880 videtur
1696 4820 1785 4912 qubd
1798 4822 1894 4882 etiam

273 4897 392 4960 habere
406 4915 471 4960 non
486 4905 604 4977 posset,
618 4900 731 4962 saltem
745 4899 1013 4979 ollerrctpanem;
1026 4909 1057 4963 et
1107 4916 1141 4958 m
1155 4901 1254 4960 veterr
1272 4899 1340 4976 lege
1361 4915 1425 4957 uon
1442 4897 1550 4959 debuit
1571 4917 1641 4960 osse
1663 4899 1770 4961 solum
1792 4916 1896 4960 uuum

274 4975 300 5035 si
315 4974 401 5038 hunc
411 4977 527 5040 habere
539 4996 602 5040 non
613 4981 734 5055 posset,
749 4979 860 5040 saltem
869 4978 1057 5042 ollerretvel
1107 4977 1261 5055 templum
1272 4981 1329 5036 aut
1339 4993 1437 5037 unum
1450 4977 1704 5050 tabernaculum,
1718 4977 1772 5038 sed
1784 4978 1896 5038 multa.

275 5051 475 5116 larinam'vel
497 5057 612 5133 spicas.
625 5056 730 5118 Causa
746 5057 822 5119 verb
840 5058 982 5137 tiguralis
996 5063 1055 5132 est,
1147 5053 1372 5144 tauerner,
1390 5055 1649 5145 tabernaculum,
1665 5072 1723 5146 seu
1742 5057 1897 5132 templum

274 5131 351 5208 quia
373 5133 463 5210 panis
479 5135 636 5212 significat
648 5135 823 5208 Christum,
838 5137 893 5214 qui
908 5144 951 5196 est
959 5137 1056 5214 ponis
1107 5133 1280 5198 adsultum
1296 5133 1354 5192 Dei
1373 5131 1591 5194 ordinabatur.
1608 5133 1667 5195 Sed
1680 5152 1714 5193 ru
1729 5133 1797 5193 Deo
1813 5150 1900 5210 prc-

273 5209 562 5279 sternutabant
581 5213 674 5274 Joau.
696 5215 736 5286 6,
755 5213 812 5306 qui
836 5213 964 5293 quidem
987 5219 1057 5276 erat
1107 5209 1199 5290 cipub
1211 5216 1336 5288 oportet
1350 5211 1671 5303 'venerari-unitatem
1686 5215 1715 5271 et
1738 5211 1898 5302 simplici-

274 5289 364 5350 velut
384 5289 417 5351 in
433 5289 519 5367 spica
533 5308 591 5367 pro
611 5297 696 5352 statu
714 5291 792 5370 legrs
811 5298 934 5354 naturae
946 5291 1056 5360 infide
1107 5293 1216 5353 tatem.
1241 5289 1310 5349 Non
1327 5289 1452 5350 videtur
1470 5294 1567 5367 rgrtur
1586 5289 1685 5351 luisse
1701 5305 1897 5350 conveniens

273 5367 421 5440 Patrum;
437 5371 506 5428 erat
525 5372 633 5430 autern
652 5371 734 5430 sicut
746 5371 849 5433 simile
864 5371 898 5431 in
912 5370 1056 5434 doctrina
1106 5373 1143 5430 ut
1159 5367 1400 5431 tabernaculum
1421 5385 1479 5428 seu
1501 5367 1655 5446 templum
1674 5384 1731 5446 per
1750 5367 1897 5444 quedam

273 5445 351 5525 legis
365 5452 396 5507 et
409 5446 653 5524 prophetarum3
666 5453 734 5508 erat
747 5454 855 5510 autem
869 5449 951 5510 sicut
962 5450 1055 5527 punis
1106 5447 1178 5509 vela
1190 5447 1448 5525 distingueretur.
1592 5523 1600 5538 ·
1755 5524 1761 5536 .

273 5523 424 5603 [ematur
441 5529 512 5602 post
526 5525 756 5586 humanitatem
772 5531 982 5605 assumptam
997 5547 1055 5588 eo·
1145 5523 1176 5585 5.
1198 5527 1364 5596 Praeterea,
1387 5525 1487 5586 virtus
1499 5525 1601 5603 primr
1621 5525 1804 5615 moventia·
1820 5538 1897 5616 ‘qua

274 5609 340 5662 etro
355 5604 444 5681 igne,
461 5603 492 5662 id
509 5608 572 5675 est,
594 5601 747 5664 lormatus
763 5603 882 5682 Spiritu
895 5609 1005 5666 sancto
1021 5606 1053 5666 in
1107 5605 1269 5675 estheris,
1284 5601 1387 5680 prinrb
1402 5607 1534 5680 apparel
1551 5605 1585 5666 iu
1598 5605 1690 5680 parte
1702 5601 1894 5667 Orrenbs.a

274 5679 399 5742 clibano
420 5682 501 5744 uteri
521 5681 705 5758 virginalis3
726 5681 783 5759 qui
807 5683 903 5745 etiam
925 5683 984 5746 luit
1004 5702 1056 5744 ce·
1107 5680 1172 5760 qud
1196 5685 1286 5758 parte
1301 5681 1411 5758 incipit
1431 5681 1553 5759 primus
1571 5687 1688 5740 motus.
1706 5679 1765 5740 Sed
1788 5681 1895 5770 taber·-

274 5765 341 5816 ctru
356 5759 389 5818 in
405 5759 563 5836 sartagine
585 5777 641 5839 pcr
654 5759 780 5824 labores
795 5778 876 5840 quos
889 5780 921 5822 m
935 5762 1054 5822 mundo
1107 5762 1258 5821 naculum
1268 5758 1327 5818 luit
1340 5759 1519 5820 institutum
1542 5759 1581 5824 ad
1595 5759 1653 5820 Dei
1676 5758 1892 5820 adorationem
