4038 6350
106 353 157 410 865
442 349 575 420 QUAEST.
595 349 650 407 CV.
671 349 716 406 DE
736 345 886 406 RATIONE
906 345 1120 406 idololatita!
1140 347 1415 407 PRAECEPTORUM.
1682 349 1734 409 aot

106 473 140 530 ln
155 467 283 531 vineam
299 464 393 528 arnici
406 462 492 527 licitd
506 462 672 525 comedere
686 465 810 558 posset,
824 457 900 522 drim
954 461 1082 542 ponem
1099 460 1334 526 habitatoribus
1353 463 1517 527 evacuari.
1532 463 1572 525 Et
1590 463 1660 528 idco
1682 467 1733 529 ter

105 552 214 608 tamen
231 550 324 607 extra
339 561 404 605 non
419 543 570 616 deterrct3
586 546 743 620 quantum
759 540 799 602 ad
813 556 901 620 pau·
953 545 1045 601 retus
1055 538 1095 600 ad
1113 540 1295 622 hujusmodi
1315 542 1493 620 periculum
1508 543 1735 608 removendum

105 641 200 704 peres
215 624 292 684 verb
307 623 498 702 specialiter,
514 629 551 682 ut
571 622 617 683 eis
638 621 901 700 relinquerentur
953 617 1305 698 sicordinavitquddet
1316 622 1737 686 necessitatibusbominum

105 702 265 780 manipuli
280 701 382 772 obliti,
403 704 436 762 et
454 701 588 771 tructus,
606 705 637 761 et
655 699 774 762 racemi
788 713 900 759 rema·
953 697 1190 770 subveniretur,
1209 699 1386 760 concedens
1401 700 1642 778 possessionum
1655 720 1737 764 ven-

106 783 234 853 nentes,
257 784 294 840 ut
315 780 452 841 babetur
473 780 550 840 Lev.
574 779 628 852 ts,
644 781 676 840 ct
692 779 786 839 Dent.
799 774 851 848 bb,
869 778 901 836 et
953 775 1105 837 ditionem
1120 775 1275 852 usquead
1290 783 1410 838 certum
1425 783 1549 858 tempos
1562 800 1570 852 ;
1585 783 1616 842 ct
1628 783 1736 842 tamen

104 860 205 921 etiam
219 858 540 924 communicabantur
549 874 587 919 ea
600 871 672 934 qua
686 857 902 918 nascebantur
952 855 1131 933 periculum
1143 856 1296 927 removit,
1309 857 1495 934 precipiens
1507 863 1541 918 ut
1553 864 1640 920 certo
1651 863 1738 920 tem-

104 939 196 1000 inse
218 936 297 998 tirno
316 951 421 1010 anno,
445 938 483 996 ut
505 935 642 996 babetur
661 932 763 995 Exod.
790 933 845 1008 23,
869 933 902 994 et
954 949 1031 1012 pore
1047 933 1210 1011 possessio
1220 933 1392 996 venditaad
1407 936 1593 998 vendentem
1602 937 1736 1008 rediretc

104 1018 184 1077 Lev.
243 1060 251 1074 .
636 1049 640 1056 ·
953 1019 984 1072 et
1000 1011 1249 1073 bocinstituitut
1264 1016 1364 1074 sortes
1378 1030 1443 1074 nou
1453 1015 1736 1088 contunderentur,

148 1093 256 1156 Tertid
275 1093 352 1154 verb
369 1091 479 1154 statuit
500 1092 553 1153 lex
579 1088 900 1152 communicationem
953 1088 1008 1152 sed
1031 1108 1158 1169 semper
1175 1095 1357 1152 remaneret
1379 1092 1489 1154 eadem
1505 1092 1664 1155 distinctio
1678 1093 1738 1156 de-

105 1173 224 1234 tectam
235 1189 294 1250 per
306 1188 361 1234 eos
372 1173 428 1250 qui
443 1175 519 1233 sunt
531 1187 641 1231 rerum
651 1168 770 1229 domini
783 1183 901 1229 :unam
954 1169 1124 1230 terminata
1138 1169 1171 1230 in
1187 1170 1346 1231 tribubus.
1361 1169 1443 1244 Quia
1460 1170 1535 1232 verb
1548 1171 1659 1234 domus
1673 1190 1738 1232 ur-

108 1251 190 1331 purd
207 1250 397 1330 gratuitam
419 1247 507 1310 unde
524 1248 640 1310 dicitur
657 1249 749 1310 licut.
766 1244 822 1320 tl,
837 1245 899 1306 28:
953 1248 1121 1308 bannenon
1135 1251 1227 1310 erant
1242 1253 1327 1309 sorte
1338 1248 1504 1320 distinctae,
1521 1250 1591 1312 ided
1608 1269 1738 1312 conces-

105 1332 200 1392 Aano
215 1331 307 1390 tertio
322 1327 580 1409 reparabiroliom
592 1325 902 1393 decimernrvcuient-
953 1325 996 1387 sit
1006 1325 1090 1402 qudd
1106 1327 1139 1386 in
1151 1332 1340 1404 perpetuum
1352 1328 1443 1388 vendi
1457 1332 1598 1406 possent,
1614 1330 1696 1392 sicut
1707 1335 1739 1392 et

106 1427 166 1489 quc
176 1408 306 1477 levites,
317 1408 548 1486 ctpcrcprinns,
558 1413 586 1465 ct
595 1404 746 1484 pupillus,
756 1413 784 1464 et
794 1403 899 1472 viduo,
953 1404 1084 1466 mobilia
1100 1406 1195 1466 bona.
1211 1407 1280 1465 Non
1294 1405 1379 1466 enim
1389 1412 1457 1468 erat
1471 1411 1608 1468 statutus
1621 1426 1732 1470 nurne-

107 1485 321 1554 cleomedem,
336 1495 362 1546 et
372 1484 616 1551 saturabuntur,-
630 1484 726 1545 oliam
741 1481 818 1545 verb
828 1498 901 1542 cum
953 1500 1010 1544 rus
1025 1483 1190 1544 domorum
1203 1485 1351 1554 civitatis,
1367 1485 1449 1546 sicut
1465 1489 1534 1548 erat
1549 1491 1635 1548 certa
1645 1505 1726 1549 men·

105 1565 405 1644 recompensatione
416 1563 572 1632 utilitatis,
582 1563 664 1624 sicut
674 1559 903 1640 per‘venditio-
954 1577 1030 1622 sura
1049 1563 1280 1640 possessionis,
1300 1562 1338 1624 ad
1375 1580 1451 1625 nam
1467 1581 1532 1625 non
1551 1563 1736 1628 addebatur.

105 1661 197 1714 nem,
215 1645 247 1705 et
266 1643 470 1722 emptionem,
489 1645 521 1704 et
539 1642 747 1713 locationem,
773 1644 903 1701 etcou-
954 1641 1081 1700 Poterat
1109 1646 1216 1702 autem
1247 1581 1373 1720 aliquiff
1398 1641 1469 1704 addi
1499 1642 1539 1704 ad
1566 1661 1738 1706 numerum

104 1715 903 1800 ductionem.etpermutuum,etiterirmpcrde-
954 1719 1121 1779 domorum
1148 1719 1296 1782 civitatis.
1323 1721 1443 1782 Domus
1471 1721 1547 1783 verd
1573 1739 1646 1801 quaa
1672 1741 1737 1785 non

107 1801 269 1878 positnm3
288 1800 326 1860 de
340 1800 458 1877 quibus
473 1799 622 1860 omnibus
637 1798 847 1858 inveniuntur
856 1812 905 1856 or=
955 1802 1047 1858 erant
1064 1798 1097 1857 in
1118 1800 1218 1870 urbe,
1237 1798 1291 1860 sed
1314 1800 1348 1859 in
1364 1798 1439 1862 villd
1458 1816 1567 1862 muros
1589 1818 1654 1862 non
1673 1801 1739 1864 lra-

105 1879 289 1941 dinationes
304 1883 398 1940 certe)
414 1877 538 1968 inlege.
553 1875 641 1938 Unde
652 1879 739 1953 patet
751 1873 837 1952 qudd
850 1875 904 1935 lex
955 1877 1068 1946 bento,
1092 1876 1125 1936 in
1150 1883 1338 1955 perpetuom
1364 1878 1457 1941 vendi
1480 1895 1545 1940 non
1570 1884 1737 1958 poterant,

104 1962 201 2020 vetus
213 1955 416 2050 'sufficienter
431 1955 593 2016 ordinavit
615 1954 796 2018 convictum
814 1953 902 2014 illius
955 1955 1032 2047 quia
1058 1954 1241 2033 hujusmodi
1274 1957 1387 2017 domus
1416 1973 1481 2050 non
1507 1961 1740 2052 construuntur

105 2037 346 2192 poalilei'lprimum
355 2129 431 2192 crgo
440 2111 607 2174 dicendum
617 2107 716 2204 qudd,
728 2110 809 2172 sicut
819 2110 905 2188 Apo·
955 2031 1277 2174 :insinadlitmiltlllelilmleext
1291 2035 1740 2196 ἒέηὲξιῖίὸοῖιίῗιῗιὶιίῗῗὲἓξῗῗιῖ

107 2193 213 2254 stolus
223 2191 309 2264 dicit,
324 2191 415 2250 Rom.
430 2189 478 2264 13,
492 2190 523 2262 8,
533 2191 588 2284 qui
597 2189 901 2269 detipetproeimum,
955 2189 1040 2256 circa
1051 2195 1235 2268 utrumque.

106 2271 206 2350 tepcm
222 2269 372 2348 implevit,
389 2269 466 2347 quia
480 2269 602 2330 scilicet
616 2268 724 2328 omnia
746 2271 905 2344 praecepta
996 2267 1043 2330 Ad
1054 2273 1207 2347 quartum
1221 2268 1389 2330 dicendum
1405 2269 1506 2347 qudd,
1521 2271 1604 2332 sicut
1619 2272 1739 2334 dictum

106 2349 208 2429 legis,
230 2346 390 2428 precipue
410 2348 559 2410 ordinata
581 2346 621 2408 ad
642 2345 843 2424 proximum,
864 2345 904 2406 ad
956 2349 1005 2408 est
1019 2345 1052 2408 in
1063 2365 1149 2425 resp.
1165 2347 1244 2419 adt,
1258 2348 1393 2410 intentio
1407 2349 1486 2428 legis
1504 2356 1574 2410 erat
1592 2351 1741 2412 assueta*

106 2429 198 2490 bunc
214 2428 309 2489 finem
326 2426 468 2487 ordinari
491 2426 639 2487 videntur
657 2429 692 2484 nt
708 2424 853 2485 homines
869 2441 905 2485 se
956 2441 1029 2485 cere
1050 2424 1194 2487 homines
1213 2426 1280 2487 suis
1295 2427 1481 2504 preceptis,
1506 2427 1545 2488 ad
1573 2427 1634 2490 boc
1652 2428 1740 2507 qudd

107 2505 398 2585 invicemdiligant.
411 2505 459 2565 Er
470 2504 639 2566 dilectione
648 2507 755 2564 autem
762 2502 905 2579 procedit
956 2503 1016 2564 sibi
1031 2503 1168 2564 invicem
1182 2503 1219 2565 de
1231 2505 1314 2566 sacili
1324 2506 1357 2564 in
1368 2505 1608 2568 necessitatibus
1619 2509 1741 2568 subve-

108 2585 199 2662 qudd
215 2585 358 2646 homines
379 2584 438 2644 sibi
459 2584 594 2645 invicem
618 2584 702 2643 bona
723 2581 906 2641 cominuni-
957 2583 1085 2656 nirent,
1110 2583 1187 2660 quia
1211 2583 1272 2645 boc
1294 2582 1433 2644 maxime
1447 2588 1495 2646 est
1518 2585 1666 2648 amicitia
1685 2585 1741 2646 to-

107 2670 199 2737 cent,
220 2663 297 2742 quia
309 2663 426 2725 dicitur
441 2663 456 2723 1
471 2663 564 2722 loen.
583 2661 613 2735 3,
630 2661 667 2721 17
682 2679 690 2718 :
707 2658 771 2734 Qui
790 2657 905 2720 viderit
956 2663 1116 2734 mentum3
1137 2665 1168 2722 et
1183 2661 1268 2722 banc
1281 2662 1408 2739 quidem
1426 2660 1607 2724 facilitatem
1623 2667 1741 2728 subve-

106 2743 240 2823 {retrcm
252 2760 341 2802 suum
354 2741 563 2802 necessitatem
572 2739 751 2819 patientem,
768 2744 797 2798 ct
812 2735 906 2798 ctae-
956 2738 1064 2799 niendi
1079 2755 1145 2799 non
1159 2735 1264 2800 soldm
1277 2741 1388 2802 statuit
1401 2739 1433 2800 in
1447 2741 1495 2802 bis
1532 2757 1582 2804 ure
1595 2743 1695 2822 gratis
1707 2748 1740 2805 et

107 2822 188 2882 serit
201 2821 388 2882 viscerosae
404 2819 441 2881 ob
455 2837 507 2887 ro,
523 2818 675 2900 quomodo
698 2815 906 2906 ebaritas-Dei
956 2816 1101 2878 absolutd
1113 2817 1286 2895 donantur,
1300 2819 1354 2880 sed
1367 2819 1463 2880 etiarn
1476 2759 1572 2881 ἱιιἹιίε
1589 2837 1661 2899 qum
1670 2839 1742 2884 mu·

107 2899 345 2962 punctistitio?
359 2899 397 2958 Et
409 2898 479 2960 ided
493 2897 677 2959 intendebat
692 2895 744 2957 lex
759 2895 904 2955 bomines
957 2895 1012 2956 tud
1027 2897 1262 2971 conceduntur,
1277 2899 1353 2976 quia
1369 2897 1550 2976 hujusmodi
1570 2901 1740 2963 subventio

108 2978 313 3040 assueiacerc
334 2982 370 3038 ut
393 2976 483 3040 iacild
506 2977 565 3039 sibi
588 2977 724 3038 invicem
743 2975 828 3035 bona
844 2989 905 3036 sua
957 2971 1154 3051 frequentior
1166 2982 1235 3051 est,
1249 2982 1280 3039 et
1300 2977 1445 3055 pluribus
1465 2979 1658 3042 necessaria.
1674 2979 1741 3041 llu-

110 3057 404 3128 communicarent,
419 3055 502 3118 sicut
512 3060 544 3117 et
556 3055 726 3134 Apostolus
741 3052 756 3113 1
771 3052 810 3114 ad
819 3052 902 3113 Tim.
953 3052 1092 3130 jusmodi
1105 3059 1211 3116 autern
1228 3055 1447 3119 subventionis
1461 3054 1643 3120 facilitatem
1654 3061 1741 3120 mul-

109 3135 143 3206 e,
160 3134 209 3208 18,
223 3135 373 3197 divitibus
389 3136 520 3198 mandat
531 3133 623 3215 [ecitd
636 3131 770 3193 tribuere
785 3139 811 3192 et
823 3149 905 3190 com·
957 3133 1105 3210 tipliviter
1125 3133 1412 3213 instituit2primd·
1430 3133 1557 3212 quidem
1572 3140 1609 3198 ut
1630 3135 1739 3200 iaciles
1837 3159 1840 3166 ’

109 3214 282 3276 manicare.
298 3215 367 3274 Non
387 3217 495 3275 antem
510 3212 602 3274 tacite
616 3210 903 3273 communicatione
956 3228 991 3271 se
1007 3213 1182 3288 preberent
1202 3213 1241 3275 ad
1258 3220 1405 3275 mutuum
1422 3213 1659 3290 exhibendum,
1681 3234 1741 3280 uec

113 3293 232 3370 estqui
258 3309 322 3353 non
340 3295 477 3354 sustinet
494 3290 581 3370 qudd
600 3289 767 3370 proximus
782 3287 904 3366 aliquid
956 3289 1076 3351 abhoc
1095 3292 1336 3354 retraherentur
1358 3309 1445 3354 anno
1461 3293 1661 3356 remissionis
1680 3311 1698 3356 a
1722 3327 1742 3342 -·

112 3371 274 3432 modicum
290 3371 328 3432 de
345 3389 404 3431 suo
420 3371 557 3448 accipiat
575 3371 698 3447 absque
717 3383 835 3458 magno
852 3367 903 3428 sut
956 3369 1205 3448 propinquante,
1221 3375 1257 3431 ut
1270 3371 1406 3434 babetur
1422 3372 1515 3433 Dent.
1530 3370 1579 3433 15.
1595 3314 1741 3436 secanio

112 3450 316 3511 detrimento.
341 3451 381 3510 Et
397 3448 468 3510 ided
488 3450 541 3511 lex
559 3447 720 3510 ordinavit
736 3451 772 3506 ut
794 3447 904 3506 liceret
957 3465 998 3508 nc
1015 3465 1088 3509 eum
1104 3449 1155 3508 cui
1170 3453 1317 3511 mutuum
1329 3451 1552 3522 concederent,
1569 3457 1742 3530 gravarent

114 3529 288 3589 intrantem
314 3529 347 3588 in
373 3529 498 3590 vineam
518 3527 664 3606 ,proximi
687 3541 833 3586 racemos
859 3526 902 3586 ibi
956 3526 1006 3588 vel
1019 3527 1148 3599 usuris,
1163 3527 1212 3588 vel
1225 3529 1321 3590 etiam
1334 3530 1444 3607 aliqua
1459 3529 1594 3607 pignora
1608 3531 1747 3596 ornnind·

113 3607 297 3678 comedere,
321 3623 387 3667 non
409 3611 517 3668 autem
537 3611 629 3668 extra
646 3604 791 3672 deterre,
807 3621 847 3664 ne
862 3621 904 3664 er
956 3603 1029 3667 vita
1058 3607 1239 3668 necessaria
1269 3607 1472 3686 accipiendo;
1499 3611 1530 3668 et
1557 3607 1585 3668 si
1611 3615 1742 3687 accepta

112 3687 177 3746 boc
190 3685 322 3747 daretur
338 3685 465 3746 occasio
485 3686 590 3764 gravis
607 3683 715 3745 damni
731 3681 901 3755 intercedi,
956 3683 1091 3757 tuerint,
1113 3683 1198 3761 qudd
1215 3685 1322 3745 statim
1340 3685 1598 3747 restituerentur.
1616 3687 1742 3748 Dicitur

112 3780 237 3842 exque
254 3781 319 3842 pax
337 3765 598 3840 perturbaretur3
614 3780 687 3841 qnae
704 3761 788 3822 inter
802 3759 905 3822 disci·
955 3762 1143 3823 enimDeut.
1158 3761 1207 3832 22,
1225 3763 1281 3822 rs:
1299 3763 1373 3825 Non
1383 3761 1568 3844 [comederis
1578 3764 1676 3845 [ratri
1686 3775 1739 3826 tuo

112 3843 254 3920 plinatos
270 3859 334 3903 non
356 3844 563 3920 perturbatur
580 3859 621 3904 er
636 3840 832 3900 modicorum
846 3855 904 3900 ac·
955 3839 1447 3914 edusnrem;et2l,dtNoaocci
1471 3841 1741 3922 iertoccplpaoru

112 3923 277 3999 ceptione,
295 3921 349 3981 sed
368 3921 468 3999 inagis
484 3921 623 3982 amicitia
638 3917 858 3990 confirmatur,
873 3921 904 3980 ct
955 3919 1143 3999 inferiorem,
1157 3927 1184 3980 et
1195 3920 1385 3998 superiorem
1395 3861 1517 3987 moiem.
1546 3921 1742 4008 masalmam

112 3999 294 4062 assuefiunt
308 3999 453 4061 homines
468 3999 508 4060 ad
523 3998 644 4078 aliquid
656 3995 748 4060 tacild
761 4011 904 4057 commu·
955 4016 1042 4088 suone
1056 3998 1203 4076 opposuit
1215 3997 1273 4061 tibi
1282 4019 1292 4066 ‚·
1307 4004 1338 4061 et
1350 3999 1452 4060 Erod.
1467 3999 1518 4070 ᾗ,
1575 3999 1713 4073 ,dicitur
1729 4021 1738 4063 r

112 4077 299 4139 nicandum.
955 4075 991 4138 Se
1006 4093 1123 4155 prauus
1144 4075 1322 4156 dproeimo
1334 4087 1473 4139 tuouccc
1496 4078 1556 4140 cris
1576 4079 1743 4142 uestimen-

155 4155 202 4216 lld
220 4155 395 4218 secundum
409 4155 576 4217 dicendum
592 4153 676 4233 qudd
692 4155 743 4216 lex
755 4169 820 4214 non
836 4156 905 4215 sta-
956 4161 1036 4222 tum,
1053 4163 1124 4214 cate
1144 4155 1221 4216 solie
1245 4175 1387 4218 occasum
1406 4157 1462 4218 red
1485 4176 1516 4216 es
1531 4158 1568 4219 ei.
1584 4159 1691 4220 Tertid
1705 4165 1742 4221 ut

114 4235 179 4294 tuit
193 4234 277 4312 qndd
300 4235 450 4296 mulieres
464 4235 670 4296 succederent
688 4232 721 4292 in
737 4233 830 4293 bonis
842 4249 904 4310 pa·
949 4249 1020 4292 -non
1033 4233 1407 4316 importunderigerent3
1421 4235 1739 4299 undcdiciturErod.

114 4313 228 4384 ternis,
246 4314 305 4374 nisi
327 4333 368 4375 ex
380 4312 503 4375 delectu
520 4313 659 4372 tiliorum
674 4312 902 4372 masculorum.
954 4311 1005 4383 22,
1020 4311 1060 4372 25
1076 4332 1084 4372 ε
1103 4311 1314 4391 separatam
1334 4323 1472 4378 mutuae
1490 4315 1610 4377 dederis
1621 4318 1739 4396 populo

114 4393 207 4451 Tunc
230 4397 338 4453 autem
364 4393 580 4452 necessarium
604 4398 673 4452 erat
688 4393 722 4450 ut
744 4389 903 4451 successio
954 4409 1019 4451 mco
1032 4391 1184 4471 pauperi,
1201 4393 1255 4472 qai
1275 4393 1394 4456 dabitat
1409 4403 1523 4462 tecum,
1540 4395 1741 4473 nonurpcdis

114 4469 305 4531 mulieribus
334 4471 563 4532 concederetur
588 4469 622 4528 in
650 4469 903 4529 consolationem
956 4487 1023 4530 eum
1045 4471 1135 4549 qumi
1159 4480 1311 4540 coactor:
1341 4479 1372 4534 et
1399 4475 1529 4551 propter
1556 4473 1617 4534 hoc
1644 4475 1741 4536 ctiam

116 4549 239 4625 patris,
263 4549 316 4611 cui
338 4567 434 4629 grave
453 4548 564 4609 luisset
590 4547 617 4608 si
642 4546 711 4625 ejus
736 4547 902 4607 hareditas
955 4547 1126 4609 mandatur
1147 4549 1277 4612 Denter.
1302 4551 1364 4624 bd,
1395 4551 1456 4611 13:
1483 4549 1562 4612 Crim
1583 4553 1742 4630 repeteed

114 4626 249 4687 omnini»
262 4627 300 4689 ad
319 4633 490 4688 extraneos
509 4627 671 4688 transiret.
686 4623 838 4685 adhibuit
853 4630 905 4684 ta·
935 4626 1101 4704 ,monimo
1123 4637 1175 4687 tuo
1199 4646 1264 4688 rem
1283 4631 1436 4708 ntiquom,
1452 4647 1543 4709 quem
1564 4627 1649 4690 dedet
1671 4629 1739 4698 tibi.

114 4722 190 4766 rnen
205 4705 291 4769 circa
316 4706 377 4768 boc
400 4707 453 4768 ler
470 4705 595 4768 cautela
618 4704 774 4778 debitam,
788 4703 905 4780 praeci-
955 4722 1021 4765 non
1047 4704 1232 4783 inpredicrir
1257 4708 1292 4769 io
1317 4711 1439 4769 domam
1460 4709 1541 4788 ejus,
1562 4715 1600 4768 ut
1624 4709 1756 4787 pipere,

115 4783 209 4862 piens
221 4788 257 4845 ut
275 4785 425 4845 mulieres
446 4783 651 4846 succedentes
667 4782 701 4842 in
722 4781 904 4844 hereditate
955 4784 1097 4864 auferes:
1119 4782 1288 4848 redolebis
1310 4787 1407 4868 soris,
1427 4797 1456 4848 ct
1480 4787 1533 4849 illc
1558 4784 1617 4848 tibi
1635 4790 1742 4868 prosc·

140 4861 252 4925 aterna
268 4865 426 4924 nuberent
439 4881 505 4924 sure
524 4861 626 4923 tribds
648 4860 848 4931 bominibus,
864 4859 904 4922 ad
954 4871 1002 4923 ret
1014 4862 1097 4942 praed
1106 4861 1260 4933 detumit,-
1270 4871 1336 4927 tum
1347 4867 1423 4944 quia
1436 4865 1547 4926 domus
1561 4869 1609 4926 est
1621 4867 1743 4930 tutissi-

47 4931 61 4949 “
116 4882 273 5080 Eclechqrssd?
283 4949 385 5082 soktes
394 4943 535 5080 triblrlrum
544 4957 610 5002 non
619 4939 903 5014 contunderentur,
955 4940 1773 5085 {nulm¹¹¹ss⁰⁸q⁰j.¹¹⁸qt¹¹⁰1¹.⁰⁰gp¹³⁰¹¹¹¹¹2¹2unffiezm‘'

117 5037 139 5079 u
194 5036 309 5082 aeor
351 5037 484 5082 omn.
670 5063 673 5072 .
969 5037 1071 5080 esum
1111 5037 1305 5084 omrnresu
1333 5041 1364 5084 rn
1398 5040 1523 5083 omosu
1557 5039 1740 5086 rnvaaur·

160 5097 208 5157 Ad
224 5099 351 5164 tertium
366 5099 533 5160 dicendum
545 5097 642 5176 qudd,
658 5097 905 5162 sicuthiloso-
957 5103 1023 5158 tum
1050 5099 1146 5160 etiam
1170 5101 1335 5178 quianon
1360 5099 1503 5163 concedit
1530 5101 1678 5164 creditori
1706 5069 1744 5165 ui

115 5175 201 5254 pirus
217 5176 292 5238 dicit
308 5178 340 5238 in
356 5177 494 5250 abolit,
510 5195 580 5255 cap.
596 5174 633 5248 5,
648 5175 802 5254 requietio
820 5193 905 5255 pos·
933 5177 1092 5254 ‘accipiat
1103 5178 1133 5255 pi
1158 5195 1218 5240 nus
1232 5180 1318 5257 quod
1335 5179 1480 5250 voluerit,
1497 5180 1553 5242 sed
1568 5199 1620 5244 ma
1644 5181 1669 5243 is
1684 5181 1743 5243 de-

115 5253 288 5316 cessionum
306 5256 438 5318 mettum
451 5257 570 5336 confert
588 5254 629 5315 od
643 5255 905 5316 conservationem
957 5255 1051 5316 bitori
1074 5260 1110 5317 ut
1133 5197 1185 5318 get
1206 5275 1272 5335 quo
1294 5255 1607 5398 minrisiudiffioerit.
1672 5261 1743 5321 artd

117 5333 430 5412 cicitctiroetpcntie.
444 5335 543 5408 Unde,
553 5334 636 5395 sicut
646 5333 714 5411 ipsc
724 5333 800 5394 dicit
813 5333 903 5406 ibid,
957 5333 1094 5396 instituit
1107 5335 1192 5412 qubd
1205 5336 1237 5396 in
1251 5337 1386 5416 septimo
1395 5354 1481 5399 anno
1516 5339 1600 5400 obita
1613 5334 1741 5418 penitus

116 5409 381 5554 altaalta
402 5412 906 5554 allatalllald‘lla
956 5414 1385 5557 {salaai-lalltlll
1397 5417 1482 5557 illm
1495 5421 1613 5558 “tlt
1626 5417 1742 5556 {llll

115 5569 182 5629 nisi
201 5509 442 5646 pignatariam
456 5571 663 5632 detrimento:
681 5569 713 5630 Si
727 5507 817 5630 enini)
827 5561 906 5647 pas-2
956 5579 1078 5631 annum
1095 5571 1278 5647 redderent,
1296 5513 1328 5634 ep
1346 5513 1657 5656 {cztis'ffltuantgm
1677 5591 1742 5636 non

116 5649 179 5707 sim
192 5650 411 5726 possessiones
421 5651 611 5723 vendantur,
626 5652 730 5728 potest
742 5649 848 5710 contin
872 5667 905 5710 e·
957 5647 1192 5712 defraudarem.
1208 5652 1239 5713 Si
1256 5658 1363 5716 autem
1388 5652 1520 5715 omnind
1552 5654 1743 5730 impotentes

117 5743 155 5785 re
168 5725 254 5818 qudd
277 5744 390 5790 ornnes
413 5729 633 5806 possessiones
651 5727 691 5790 ad
709 5743 828 5805 paucos
843 5667 905 5788 Xe-
957 5731 1084 5820 esseut,
1099 5727 1208 5792 eadem
1224 5733 1349 5794 ratione
1372 5731 1418 5795 eis
1435 5741 1505 5796 erat
1524 5730 1664 5794 debitum
1687 5750 1741 5792 re-

119 5808 270 5876 veniant:
286 5811 318 5869 et
332 5808 376 5870 ita
390 5823 520 5870 necesse
534 5807 596 5869 crit
609 5807 769 5872 civitatem
784 5807 834 5874 vel
846 5823 905 5869 re-
957 5807 1145 5870 mrttendum
1167 5807 1207 5873 ed
1220 5816 1390 5879 dilectione
1411 5813 1475 5888 qua
1499 5811 1594 5876 etiam
1609 5815 1678 5873 erat
1695 5809 1743 5874 eis
