4004 6346
206 347 258 409 ns
669 319 1372 401 sunanranonoorcermmsacome.
1794 340 1893 404 sss

207 464 377 539 dixerunt,
394 463 432 524 ut
454 457 519 524 Sim
542 455 746 529 liciusreiert
759 455 794 518 in
818 455 997 519 Commeat.
1096 455 1126 517 a.
1149 456 1325 530 Praeterea,
1340 455 1375 515 in
1388 454 1541 534 potentiis
1555 439 1758 520 naturalibus
1779 473 1856 524 noa

207 543 406 619 Prodicum,
418 558 489 620 cap.
527 558 541 600 e
559 537 692 616 Quolit„
708 535 796 615 qudd
809 537 891 630 quia
902 535 1002 630 omnis
1056 539 1105 598 est
1119 534 1237 629 aliquis
1254 535 1403 630 habitus,
1419 535 1496 614 quia
1510 534 1626 598 exsut
1639 537 1758 600 natura
1772 541 1858 601 sunt

208 622 350 704 operatio
364 619 499 683 hominis
512 626 563 712 ,θεῖ
596 614 801 710 eodemmodo
819 623 999 697 conjuncta,
1056 613 1096 678 ad
1110 614 1232 756 θῖίἓιιιῖ
1245 614 1475 709 determinatas.
1490 615 1549 676 Sed
1565 616 1713 679 voluntas
1729 635 1773 712 ⁰.¹
1787 614 1857 684 sud

207 709 244 764 '¹‘
258 690 1002 840 ”illitatiilllattlhltlll
1057 693 1494 837 ltiltltlll‘thl’t
1529 693 1858 855 ”htlltllllt

207 786 361 932 ξιξιῗῖῗᾳεθῖῖι
370 798 553 938 conjunctu
567 859 600 918 et
609 873 668 934 per
677 855 739 916 boc
754 855 901 994 sequitur
915 851 1001 932 qubd
1057 870 1123 914 non
1138 857 1188 915 θεῖ
1201 852 1317 931 aliquis
1333 817 1495 916 babitus..

207 939 319 1002 nullus
335 938 464 1002 babitus
481 937 522 998 sit
536 935 569 997 in
582 935 797 1008 intellectu,c
822 951 854 994 m
869 933 993 994 intelle·
1097 931 1158 993 Sed
1181 935 1294 995 contra
1317 935 1366 994 est
1389 933 1477 1012 qubd
1495 933 1621 1014 justitia
1643 937 1694 997 est
1715 933 1857 1000 babitus

86 1055 94 1066 ·
208 1023 278 1082 clus
293 1019 334 1080 sit
355 1021 544 1098 separatus,
562 1019 600 1078 ut
610 1015 693 1076 ratio
712 1013 878 1093 proposita
890 1029 1002 1093 proce-
1057 1011 1200 1090 quidam.
1224 1011 1284 1073 Sed
1321 1011 1432 1074 ustitia
1456 1018 1506 1075 est
1532 1014 1566 1075 in
1587 1014 1776 1092 voluntate3
1804 1021 1860 1077 est

207 1098 315 1162 debut.
1058 1091 1145 1154 enim
1158 1091 1290 1172 juratio
1343 1089 1427 1153 bitus
1441 1091 1568 1174 quidam
1581 1091 1748 1156 secundom
1761 1113 1860 1176 quem

249 1177 310 1239 Sed
321 1177 385 1239 ista
400 1175 485 1238 ratio
496 1192 562 1237 non
578 1191 616 1236 co
640 1175 673 1234 't.
686 1171 823 1236 Habitus
834 1169 921 1233 enim
935 1187 1002 1233 non
1058 1170 1103 1233 oli
1145 1169 1157 1230 ι’
1171 1169 1283 1232 solunt
1298 1177 1327 1231 et
1341 1173 1620 1265 operanturjosto,
1632 1176 1669 1234 ut
1680 1173 1803 1236 dicitur
1821 1174 1860 1236 in

209 1262 259 1336 est
275 1255 443 1336 dispositio
457 1253 614 1335 objectia
651 1253 846 1332 potentiam,
864 1249 919 1314 sed
937 1267 1004 1312 ma·
1059 1247 1078 1310 ὅ
1119 1250 1208 1326 thie,
1227 1267 1297 1328 cap.
1315 1250 1344 1324 l,
1360 1269 1392 1311 m
1407 1253 1509 1330 princ.
1531 1253 1616 1332 Ergo
1633 1253 1784 1316 voluntas
1803 1257 1859 1318 est

232 1336 258 1398 is
283 1335 450 1414 dispositio
475 1333 625 1412 potentias
649 1332 690 1395 ad
714 1331 887 1426 objectum.
915 1329 1004 1392 Unde
1057 1329 1238 1409 subjectum
1249 1329 1386 1409 alicujus
1399 1331 1540 1394 habitus.

210 1355 341 1478 {abitus
368 1417 496 1508 oporiet
517 1411 603 1492 qudd
626 1413 668 1474 sit
692 1413 725 1473 in
751 1409 821 1490 ipsa
848 1408 1002 1489 potentia,
1100 1407 1290 1548 Respondco
1305 1409 1473 1472 dicendum
1488 1410 1861 1554 quodomnisagotentia

210 1511 284 1574 qum
296 1497 344 1556 est
355 1492 549 1572 principium
571 1491 680 1567 actius,
697 1507 763 1552 non
778 1495 886 1553 autem
911 1489 944 1551 in
965 1505 1004 1550 eo
1081 1506 1132 1552 ute
1176 1488 1367 1551 iverslmode
1384 1495 1491 1584 potest
1509 1491 1654 1554 ordinari
1747 1509 1862 1571 agen-

210 1574 297 1652 quod
321 1578 528 1652 comparatur
550 1570 589 1635 ud
615 1571 793 1650 potentiam
817 1567 1005 1647 sicutobje·
1058 1507 1153 1642 gum,
1176 1567 1297 1648 indiget
1318 1567 1450 1643 habitu,
1475 1587 1541 1649 quo
1561 1569 1644 1632 bend
1660 1570 1864 1649 disponatur

210 1657 309 1716 ctum.
331 1654 443 1732 lpsum
464 1657 572 1715 autem
595 1650 775 1730 intelligere
799 1666 864 1710 non
887 1649 1006 1709 dicitur
1058 1647 1098 1709 ad
1125 1664 1220 1710 suum
1244 1651 1361 1710 actum.
1383 1648 1541 1712 Voluntas
1568 1654 1692 1730 autem,
1712 1648 1789 1712 crim
1816 1651 1862 1713 sit

211 1749 381 1796 commune
398 1750 470 1794 esse
482 1732 598 1795 animm
611 1735 642 1790 et
655 1730 794 1810 corpori,
806 1729 869 1790 nisi
879 1728 1005 1790 ratione
1058 1728 1203 1806 potentia
1226 1728 1417 1802 rationalis,
1439 1728 1653 1791 diversimodo
1677 1731 1787 1824 potest
1818 1729 1863 1792 ad

210 1811 464 1890 phantasmatis,
487 1817 524 1873 ut
552 1810 668 1873 dicitur
693 1810 727 1870 in
755 1809 773 1870 1
801 1808 840 1870 de
867 1805 1003 1880 Anima,
1059 1807 1219 1886 agendum
1232 1805 1393 1882 ordinari3
1409 1813 1441 1870 et
1453 1808 1525 1871 ided
1538 1811 1666 1888 oportet
1680 1827 1714 1870 m
1731 1809 1862 1870 volun-

210 1895 292 1952 text.
308 1891 359 1951 dd.
375 1892 464 1953 Patet
476 1893 585 1952 autem
601 1887 688 1967 quod
705 1888 900 1967 phantasma
913 1903 1006 1947 com·
1057 1890 1123 1948 tate
1137 1887 1278 1965 aliquem
1292 1886 1438 1950 habitum
1454 1905 1593 1966 ponere,
1609 1904 1676 1966 quo
1692 1887 1775 1950 bend
1789 1889 1864 1950 dis·

211 1973 346 2049 paratur
371 1970 411 2032 ad
433 1971 630 2031 intellectum
653 1967 840 2047 possibilem
858 1970 895 2027 ut
916 1964 1005 2103 obje-
1058 1969 1199 2043 ponatur
1218 1964 1258 2027 ad
1278 1983 1373 2027 suum
1392 1971 1511 2029 actum.
1526 1968 1576 2028 Ex
1590 1965 1662 2046 ipsa
1681 1967 1777 2030 etiam
1795 1984 1864 2032 ra·-

212 2053 311 2123 ctum,
325 2051 361 2110 ut
377 2049 493 2111 dicitur
506 2047 569 2109 in3
586 2047 624 2108 de
639 2045 767 2118 Animi,
786 2048 864 2108 text.
876 2045 895 2105 3
908 2049 940 2106 θῖ
971 2044 1002 2104 9.
1058 2044 1146 2105 tione
1160 2042 1290 2106 habitds
1311 2049 1445 2124 apparet
1467 2046 1554 2126 qnod
1568 2046 1665 2108 babet
1679 2047 1863 2125 quemdam

212 2127 300 2190 Unde
319 2129 401 2190 relin
426 2129 514 2189 uitur
534 2124 621 2207 quod
640 2126 769 2188 habitus
789 2123 1003 2186 intellectivus
1080 2123 1270 2202 rincipalem
1293 2125 1437 2186 ordinem
1458 2127 1498 2190 ad
1519 2127 1737 2199 volunlatem,
1754 2131 1863 2205 prout

211 2207 254 2269 sit
267 2146 489 2288 principaiiter
509 2224 550 2269 ex
569 2208 661 2284 parte
679 2205 781 2284 ipsius
800 2200 1002 2271 intellectis.
1057 2141 1250 2294 Habitusest
1262 2220 1324 2283 quo
1338 2205 1408 2286 quis
1423 2205 1544 2274 utitor,
1561 2201 1631 2267 edm
1643 2205 1803 2274 volucrit.
1822 2210 1862 2268 ut

211 2303 278 2348 non
291 2291 400 2358 autem
418 2304 459 2348 ex
470 2289 562 2366 parte
576 2283 831 2363 phantasmatis,
849 2281 936 2362 quod
955 2285 1004 2344 est
1058 2280 1290 2360 supradictum
1302 2286 1362 2359 est,
1378 2289 1491 2362 qumst.
1505 2302 1614 2363 pravo,
1630 2287 1691 2347 art.
1706 2283 1737 2344 3.

212 2383 384 2430 commune
399 2367 515 2428 animae
529 2371 559 2426 et
573 2365 713 2443 corpori.
1004 2437 1006 2446 Ι
1097 2360 1144 2421 hd
1160 2361 1299 2440 primum
1312 2378 1389 2443 ergo
1411 2363 1581 2425 dicendum
1599 2363 1697 2441 qnod,
1720 2363 1810 2425 sicut
1826 2365 1863 2426 in

185 2468 190 2484 ¹
251 2444 374 2507 Etideb
387 2444 557 2508 dicendum
571 2442 718 2521 estquod
735 2441 916 2504 intellectus
929 2454 1007 2519 pos-·
1057 2439 1221 2511 intellectu
1242 2446 1291 2503 est
1305 2443 1414 2520 aliqua
1432 2444 1554 2521 species
1576 2459 1650 2522 qum
1672 2447 1721 2505 θεῖ
1736 2443 1864 2504 simili«

211 2523 313 2586 sibilis
329 2529 377 2586 est
389 2524 568 2604 subjectum
589 2522 731 2585 babitvls.
744 2521 793 2583 llli
810 2518 895 2583 enim
917 2537 1005 2582 com·
1057 2518 1135 2580 tudo
1163 2519 1297 2600 obiecti,
1324 2521 1369 2583 ita
1385 2526 1511 2600 oportet
1529 2523 1562 2584 iu
1583 2522 1751 2584 voluntate
1770 2528 1807 2584 et
1827 2523 1864 2585 in

211 2604 289 2682 petit
304 2621 375 2666 esse
393 2603 572 2684 subjectum
587 2601 715 2664 habitus
728 2601 815 2680 quod
829 2605 878 2663 est
895 2601 929 2660 in
945 2616 1004 2677 po·
1057 2597 1203 2676 qualibet
1216 2599 1249 2660 vi
1264 2599 1438 2679 appetitiva
1448 2619 1519 2664 esse
1535 2600 1658 2680 aliquid
1677 2619 1743 2680 quo
1759 2601 1864 2664 incli*

211 2679 312 2745 tentid
334 2683 374 2746 ad
398 2685 519 2756 multa3
545 2687 577 2744 et
599 2682 661 2743 hoc
688 2679 827 2742 maxime
852 2678 1004 2757 competit
1056 2683 1154 2739 netur
1167 2678 1200 2738 in
1221 2695 1317 2740 sunm
1337 2680 1509 2759 objectum,
1528 2677 1600 2742 cdm
1616 2680 1697 2740 nihil
1711 2681 1805 2742 aliud
1822 2682 1865 2744 sit

210 2762 388 2824 intellectui
409 2761 567 2841 possibili.
582 2760 669 2822 Unde
689 2759 871 2822 intellectus
894 2759 1004 2836 possi·
1057 2760 1147 2819 actus
1157 2758 1338 2836 appetitiva
1348 2759 1476 2822 virtutis
1487 2757 1587 2837 quam
1596 2759 1763 2820 inclinatio
1800 2777 1865 2822 um·

212 2841 285 2903 bilis
322 2845 371 2903 est
402 2841 583 2922 subjectum
605 2840 775 2901 habituum
799 2837 1004 2900 intellectua-
1057 2835 1141 2910 dam,
1157 2842 1304 2915 utsupra
1319 2837 1510 2912 dictumest,
1527 2837 1684 2917 quaestti,
1700 2777 1815 2912 artff,
1832 2845 1867 2902 et

210 2919 301 2981 lium.
1057 2919 1171 2993 quest.
1185 2915 1237 2990 22,
1253 2922 1314 2978 art.
1335 2917 1365 2977 2.
1388 2917 1435 2978 Ad
1451 2935 1488 2980 ea
1504 2933 1582 2997 ergo
1602 2918 1643 2982 ad
1661 2933 1734 3010 qum
1758 2917 1865 2988 suffi-

251 2999 298 3060 ,ld
323 2999 501 3062 secundum
523 2997 695 3061 dicendum
716 2995 821 3076 qued,
838 2995 920 3058 sicut
939 3012 998 3074 po-
1057 2994 1363 3058 cienterinclinatur
1399 3003 1601 3059 ornaturam
1619 2997 1864 3075 ipsvuspoten-

211 3079 312 3141 tentia
333 3079 372 3140 ad
399 3097 470 3142 csse
500 3078 652 3140 sensibile
685 3075 837 3138 convenit
859 3075 1003 3137 materia
1055 3073 1198 3145 tiae,non
1220 3075 1343 3156 indiget
1393 3075 1470 3154 iqud
1488 3076 1643 3155 qualitate
1662 3075 1861 3139 inclinante.

210 3158 393 3236 corporali,
416 3157 463 3221 ita
485 3156 628 3236 potentia
650 3153 689 3217 ad
709 3173 779 3217 esse
802 3153 1003 3233 intelligibile
1057 3153 1117 3215 Sed
1135 3153 1214 3232 quia
1230 3156 1451 3218 necessarium
1465 3159 1514 3216 est
1534 3155 1574 3216 ad
1588 3153 1685 3216 linem
1702 3155 1864 3219 humanm

211 3236 548 3298 convenitintellectui
563 3234 820 3314 possibili.llnde
835 3233 914 3294 nibil
928 3249 1003 3312 pro·
1056 3233 1129 3294 vitm
1173 3233 1238 3296 ubd
1260 3235 1309 3296 vis
1332 3234 1506 3314 appetitiva
1528 3234 1703 3296 inclinetur
1729 3235 1770 3296 ad
1795 3236 1864 3298 ali-

212 3314 301 3378 bibet
314 3315 347 3376 in
358 3315 523 3377 intellectu
531 3313 676 3394 possibili
687 3332 757 3376 esse
767 3312 929 3385 habitum,
944 3313 1002 3390 qui
1057 3311 1134 3390 quid
1151 3251 1410 3388 determinatum,
1432 3313 1473 3384 ad
1494 3313 1581 3392 quod
1597 3329 1663 3374 non
1678 3312 1865 3377 inclinatur

210 3397 261 3455 cst
273 3393 398 3459 medius
413 3394 497 3456 inter
518 3409 633 3473 puram
646 3393 823 3472 polentiam
841 3395 874 3453 et
894 3394 1001 3456 actum
1057 3409 1098 3452 ex
1114 3390 1230 3455 natura
1253 3393 1419 3471 potentie,
1435 3409 1508 3472 qum
1527 3392 1673 3455 sehabet
1691 3393 1731 3454 ad
1753 3394 1864 3458 multa

210 3472 398 3550 perlectum.
1057 3475 1088 3531 et
1104 3470 1247 3544 diversa,
1263 3471 1334 3534 ideo
1349 3489 1480 3534 necesse
1500 3474 1550 3533 est
1573 3470 1659 3550 qubd
1678 3470 1712 3532 in
1730 3472 1863 3534 volun·

252 3553 299 3613 hd
313 3552 443 3614 tertium
466 3552 634 3615 dicendum
649 3551 735 3632 quod
750 3552 829 3631 quia
842 3551 926 3612 vires
941 3567 1004 3629 ap-
1056 3551 1121 3614 tate
1136 3551 1168 3612 θῖ
1180 3550 1215 3611 in
1238 3549 1309 3612 aliis
1332 3551 1454 3614 viribus
1476 3549 1659 3631 appetitivis
1680 3549 1748 3612 sint
1767 3569 1863 3630 que-

210 3632 413 3708 prebensivm
442 3629 577 3694 interiirs
612 3635 795 3710 preparant
825 3630 1003 3692 intellectui
1056 3627 1131 3690 dam
1140 3629 1313 3707 qualitates
1327 3631 1533 3707 inclinantes,
1551 3647 1625 3708 quta
1635 3628 1792 3692 dicuntur
1803 3631 1863 3692 bo-

211 3711 358 3788 possibili
379 3711 547 3792 proprium
567 3713 746 3804 objectum,
761 3707 835 3772 idcb
854 3727 896 3771 ex
916 3708 1003 3773 bona
1057 3705 1150 3770 bitus.

210 3789 422 3870 dispositione
446 3791 564 3855 harum
585 3791 720 3864 virium,
744 3789 784 3852 ad
808 3805 907 3868 quam
928 3805 1005 3850 coo·
1097 3786 1144 3847 hd
1166 3790 1342 3852 secundum
1364 3787 1533 3852 dicendum
1558 3785 1646 3866 qudd
1668 3788 1862 3854 intellectus

235 3875 346 3932 eratnr
370 3873 457 3934 bona
481 3870 647 3949 dispositio
673 3867 836 3948 corporis,
860 3867 1004 3931 redditur
1057 3881 1156 3946 agens
1177 3874 1226 3930 est
1245 3887 1343 3948 agens
1357 3866 1495 3942 tantdm,
1516 3870 1547 3928 et
1567 3867 1769 3929 nullomodo
1790 3887 1863 3946 pa-

209 3887 309 4010 Komo
321 3950 438 4034 babilis
448 3949 489 4012 ad
503 3949 744 4043 intelligendum
755 3967 763 4022 3
775 3953 808 4011 et
818 3947 1003 4012 sichabitus
1056 3946 1159 4020 tiens3
1176 3949 1230 4010 sed
1243 3949 1392 4010 voluntas
1404 3954 1436 4010 et
1448 3945 1599 4026 quaelibet
1613 3947 1661 4008 vis
1675 3949 1785 4086 apgcti
1792 3949 1815 4008 ti
1821 3967 1862 4012 va

210 4026 426 4091 intellectivus
451 4028 643 4093 secundario
666 4030 857 4108 potestesse
877 4027 910 4088 in
933 4027 1002 4090 istis
1057 4027 1106 4086 est
1116 4043 1247 4090 movens
1264 4031 1436 4096 etmotum,
1452 4031 1488 4086 ut
1499 4023 1616 4088 dicitur
1629 4025 1663 4087 in
1681 4025 1701 4086 3

212 4105 355 4180 viribns;
372 4107 593 4188 principaliter
607 4113 715 4171 autem
729 4107 824 4169 estin
838 4107 1006 4170 intellectu
1057 4101 1121 4178 mi,
1143 4103 1223 4168 te'xt.
1237 4105 1295 4167 bi.
1315 4106 1356 4167 lit
1375 4104 1447 4167 ided
1468 4121 1534 4166 non
1562 4107 1612 4166 est
1631 4105 1745 4168 similis
1768 4109 1862 4168 ratio

212 4185 371 4264 possibili.
474 4251 475 4256 γ
1001 4249 1003 4254 .
1057 4181 1095 4244 dc
1114 4189 1271 4263 utroque;
1291 4201 1368 4248 nam
1388 4201 1459 4246 esse
1481 4185 1700 4264 susceptivum
1718 4183 1860 4248 babitsis

213 4307 397 4372 herroneus
417 4326 450 4371 v.
475 4341 514 4354 -
529 4305 643 4370 Utrdm
658 4307 694 4368 io
707 4265 1005 4370 voluntate-situle·
1056 4263 1208 4407 fgffigmt
1233 4263 1262 4326 εἰ
1285 4263 1372 4344 q⁰⁰d
1396 4266 1446 4325 ‘st
1465 4263 1701 4342 q¹¹⁰d²¹m¹¹¹⁰d⁶
1723 4263 1760 4324 5¹¹
1787 4281 1862 4343 1³0-

170 4443 178 4490 ,-
251 4385 646 4542 gyg’lffivfflffpf
689 4393 784 4540 ”3³23
797 4383 936 4536 ¹5⁹4,ng
950 4385 1001 4541 ἐξ
1096 4420 1144 4482 m
1167 4421 1297 4483 tearum
1319 4381 1488 4484 ascensum
1519 4421 1606 4502 quoa
1629 4423 1781 4486 voruntas
1813 4442 1862 4486 ex

662 4565 669 4580 ,
758 4545 764 4558 .
1056 4499 1127 4580 ipsa
1141 4499 1258 4564 natura
1271 4503 1420 4580 potentiss
1431 4501 1606 4565 inclinatur
1618 4503 1652 4564 in
1667 4503 1790 4564 bonum
1801 4519 1860 4567 ra-

249 4547 417 4701 {3⁴2⁸ssss
434 4555 496 4688 αὖ·
513 4548 548 4703 ἐξ
565 4543 878 4706 ffirsse'r‘tqffiffl:
892 4553 1000 4702 ff&
1055 4581 1165 4676 tionis.
1183 4579 1243 4643 Sed
1255 4581 1332 4660 quia
1347 4581 1410 4642 hoc
1426 4582 1547 4673 bonnm
1560 4581 1782 4676 multipliciter
1797 4583 1860 4644 di..

251 4723 353 4787 corp„
369 4713 398 4768 a
410 4672 472 4768 ἀπ’
486 4704 518 4781 2,
536 4703 638 4787 ΜΡ.)
1056 4660 1277 4735 versificatur,
1300 4676 1518 4722 necessarium
1536 4665 1584 4722 θεῖ
1601 4663 1637 4722 ut
1656 4661 1697 4723 ad
1717 4661 1860 4740 aliquod

378 4801 385 4816 ,
529 4799 536 4816 ,
705 4799 712 4814 ,
901 4797 907 4813 ,
1056 4738 1305 4802 determinatum
1326 4739 1446 4800 bonum
1464 4739 1598 4802 rationis
1621 4739 1770 4803 voluntas
1795 4760 1861 4819 per

205 4871 208 4878 .
251 4799 479 4880 sequutum
511 4818 558 4864 ⁵¹⁰
584 4798 779 4878 prouentus.
811 4798 840 4860 1·
868 4798 1003 4862 videtur
1055 4818 1198 4898 aliquem
1209 4819 1354 4881 naussum
1368 4818 1552 4896 inclinetur,
1566 4819 1607 4882 aa
1622 4818 1684 4881 noo
1696 4819 1784 4898 quau
1802 4839 1859 4882 se-

210 4877 299 5018 ffiudd
317 4878 351 4939 in
372 4879 539 4972 voluntate
563 4895 630 4972 non
651 4881 692 4941 sit
715 4879 833 4958 aliquis
859 4877 1000 4941 habitus.
1055 4899 1365 4977 quaturpmmpqo,
1378 4899 1534 4977 operatio,
1872 4929 1897 4978 ,-

242 4957 348 5020 abitus
359 4975 446 5020 emm
455 4974 513 5036 qm
522 4975 555 5019 rn
567 4958 729 5020 intellectu
740 4960 827 5030 sunt,
840 4961 945 5020 sunts
969 4976 1003 5020 e·
1871 4977 1877 4990 ·

211 5037 277 5100 eres
290 5036 524 5116 intelligibiles,
538 5035 657 5116 quibus
676 5036 825 5116 intelligit
838 5040 923 5099 actu.
940 4977 1002 5100 Est
1055 5019 1237 5114 narremus
1256 5018 1477 5082 v1.-mstm
1492 5019 1859 5104 conspectumque

210 5115 362 5178 voluntas
377 5132 443 5176 non
462 5120 617 5195 operatur
635 5132 694 5195 per
712 5114 839 5194 aliquas
863 5133 878 5176 s
902 5117 999 5180 ecies.
1052 5169 1054 5174 ,
1114 5094 1404 5181 mim-'W’
1421 5117 1475 5180 lu·
1487 5097 1537 5174 51,
1555 5109 1617 5162 lm·
1635 5103 1665 5176 1,
1681 5103 1791 5183 wilh)

210 5195 256 5256 Er
277 5207 298 5255 o
319 5194 469 5258 voluutas
493 5211 561 5258 non
583 5199 633 5258 θεῖ
659 5194 838 5276 subjectum
861 5133 1000 5278 chorius
1050 5209 1051 5213 ’
1094 5197 1142 5259 hd
1157 5202 1286 5260 sextum
1301 5199 1346 5260 sic
1359 5199 1553 5276 proceditur.
1573 5200 1749 5262 1.Videtnr
1762 5201 1857 5280 qudd

212 5213 354 5337 bainus.
1053 5277 1088 5338 in
1097 5278 1228 5358 Angelis
1242 5287 1307 5340 novi
1322 5278 1536 5341 sinthabitus.
1548 5280 1632 5341 Dicit
1643 5280 1729 5343 euim
1740 5281 1859 5344 blaxi-

250 5353 281 5415 2.
296 5355 474 5428 Preterea,
493 5354 527 5416 in
543 5353 708 5416 intellectu
729 5359 844 5448 agents
857 5369 925 5415 nou
938 5369 1001 5433 po-
1053 5374 1138 5431 mus,
1150 5357 1621 5440 commentetorllionysii,in'l
1635 5375 1706 5438 cap.
1722 5360 1762 5422 de
1775 5362 1854 5424 ecel.

211 5433 300 5495 nitur
314 5433 432 5512 aliquis
445 5433 586 5508 habitus,
603 5434 686 5497 sicut
699 5435 733 5495 in
748 5433 912 5496 intellectu
925 5450 1000 5512 pos·
1052 5437 1156 5512 Hier,
1178 5434 1327 5514 parvimd
1346 5433 1447 5515 princ.
1465 5457 1473 5498 ε
1496 5437 1574 5502 Non
1595 5439 1742 5501 convestit
1755 5439 1856 5503 orbi-

211 5514 308 5589 sibili,
323 5513 401 5593 quia
415 5517 464 5576 est
481 5513 623 5592 potentia
641 5514 757 5577 activa.
775 5513 835 5576 Sed
849 5514 999 5576 voluntas
1054 5516 1135 5577 trart’
1142 5515 1275 5578 virtutes
1284 5515 1519 5585 intellectuales,
1532 5516 1563 5578 id
1574 5521 1633 5592 est,
1649 5517 1853 5598 spirituales,
1952 5564 1957 5572 -

211 5598 260 5656 est
273 5592 414 5656 maxime
430 5593 573 5673 potentia
589 5593 706 5669 activa,
717 5592 796 5673 quia
807 5597 914 5654 movet
927 5611 1001 5654 om-
1052 5612 1138 5656 more
1154 5594 1372 5663 accidentium.
1415 5595 1650 5659 demodmoddm
1665 5605 1694 5659 et
1707 5597 1742 5659 in
1757 5596 1855 5660 cobis

210 5689 268 5735 nes
284 5673 443 5752 potentias
458 5673 498 5736 ad
512 5690 588 5736 suos
603 5677 706 5752 actus,
721 5677 866 5751 utsupra
880 5672 999 5735 dictum
1051 5680 1138 5745 sunt,
1153 5673 1319 5736 indivisis
1331 5613 1549 5746 insedentibus,
1567 5676 1688 5756 scilicet
1701 5677 1852 5758 Angelis,

211 5753 279 5826 est,
295 5756 409 5845 quast.
425 5751 461 5828 9,
476 5757 538 5817 art.
554 5754 583 5815 1.
603 5751 689 5838 Ergo
712 5749 746 5816 in
770 5751 842 5834 ipsa
863 5769 930 5814 non
951 5755 1000 5816 est
1052 5771 1126 5823 etse,
1139 5761 1177 5816 vt
1190 5753 1278 5817 uliud
1287 5754 1322 5816 ia
1329 5755 1391 5818 otio
1404 5756 1447 5820 sit
1456 5757 1539 5819 sicut
1551 5757 1587 5821 ist
1594 5757 1730 5840 subjecto
1739 5759 1855 5828 ,mcci-

211 5828 329 5908 aliqurs
345 5831 507 5929 babitus..
856 5911 884 5920 ,Ι
914 5899 917 5907 ,
951 5847 985 5922 ι’,
1053 5832 1129 5900 dvm
1143 5833 1224 5898 mim
1238 5833 1852 5920 omaetlttac.repvlspmest.8edomuis

1736 4028 1863 4088 chni-
