4080 6354
302 261 333 317 tt
639 263 772 336 QUAEST.
792 263 850 322 lli.
870 265 914 324 DE
931 264 1212 328 cucullsrslt‘rtls
1230 267 1446 330 sumnonem
1463 272 1612 332 heluus.
1913 279 1943 335 11

301 375 541 440 circumstantie
554 377 596 438 ab
615 376 664 438 his
678 393 751 455 qua
764 376 799 438 in
810 377 882 439 leco
898 379 991 454 sunt,
1008 377 1092 442 deri·
1145 383 1182 441 ut
1196 379 1313 444 dicitur
1324 383 1356 444 in
1369 383 1390 444 o
1401 385 1554 466 Metaph„
1569 390 1648 452 text.
1662 386 1696 462 1,
1709 389 1804 452 aella
1819 409 1879 452 ors
1898 397 1943 456 eet

299 459 395 518 ratur
407 455 446 518 ad
460 458 550 518 actus
565 456 735 518 humanos.
1144 460 1276 523 scicntia
1289 471 1332 522 est
1345 463 1491 526 11111111
1503 484 1560 545 per
1568 467 1718 538 occidens,
1728 469 1797 532 atsi
1807 469 1884 532 sole
1895 492 1942 534 so·

339 534 463 597 Dicitur
480 539 586 597 autem
604 535 636 596 in
652 533 807 597 localibus
820 533 941 613 aliquid
956 535 1092 598 circum·
1139 537 1288 616 phistiea.
1303 541 1388 620 Ergo
1407 544 1573 624 theologus
1589 563 1653 607 non
1672 547 1767 610 hahet
1783 550 1942 612 conside·

300 615 399 685 stare,
411 614 497 691 quod
511 613 695 692 estquidem
710 613 926 676 extrinsecum
940 612 960 676 a
976 631 1022 686 re,
1039 619 1092 678 ta-
1143 633 1216 679 rarc
1230 619 1485 684 circumstantias
1500 622 1712 686 humanorum
1725 633 1881 688 actuum.

299 710 372 754 men
387 694 513 772 attingit
537 693 651 773 ipsam,
668 693 717 754 vel
733 693 971 771 appropinquat
987 693 1016 755 ei
1032 711 1091 756 se·
1182 695 1212 755 3.
1234 697 1401 770 Praeterea,
1418 701 1729 764 circumstantiarum
1744 707 1939 770 considera·

194 765 205 780 '
298 767 438 833 currdinn
461 773 634 834 loeumEt
656 771 954 849 ideoquaecumque
973 772 1090 834 condi-
1141 772 1186 834 tio
1211 778 1348 854 pertinet
1366 777 1405 839 ad
1427 778 1597 842 rhetorem.
1624 782 1794 846 Rhetorica
1826 791 1938 846 autem

297 849 401 912 tiones
413 855 590 913 suntextra
601 851 813 913 substantiam
828 849 970 923 acttls,et
981 855 1088 914 tamen
1141 869 1206 913 non
1232 860 1375 933 estpars
1402 855 1579 937 theologiae.
1602 858 1687 940 Ergo
1713 861 1937 927 consideratio

297 929 460 1010 attingunt
472 931 583 1007 aliquo
599 929 693 991 mode
708 933 813 990 actum
828 929 1016 1002 humanum,
1032 929 1089 993 cir·-
1140 931 1453 997 circumstantiarum
1481 953 1546 998 nen
1569 939 1707 1015 pertinet
1728 940 1769 1002 ad
1802 941 1937 1003 theole-

297 1009 489 1071 cumstoatira
512 1009 672 1071 dicuntur..
696 1007 786 1084 Quod
809 1012 916 1069 autem
933 1013 1087 1074 estextra
1139 1027 1226 1090 gum.

297 1088 511 1151 substantiam
530 1088 589 1158 rei,
602 1087 642 1149 ad
657 1105 723 1149 rem
738 1088 839 1163 ipsam
852 1087 1025 1165 pertinens,
1040 1105 1088 1151 ao·
1178 1089 1236 1150 Sed
1254 1094 1381 1162 contra,
1405 1092 1587 1172 ignorantia
1609 1095 1934 1160 circumstantiarum

298 1166 406 1228 cidens
442 1168 511 1247 ejus
544 1166 671 1228 dicitur.
715 1164 802 1230 Unde
839 1165 1086 1230 circumstantias
1138 1172 1250 1230 causat
1264 1169 1526 1243 involuntarium,
1540 1179 1575 1234 ut
1588 1173 1823 1246 llanrascenus,
1840 1177 1934 1239 lihfl

207 1249 212 1260 '
296 1250 427 1307 actuum
452 1247 667 1318 humanorum
687 1244 862 1307 accidentia
889 1261 1002 1306 eorum
1031 1245 1086 1306 di·
1137 1247 1932 1334 erth.Fid.‚caphir,etGregoriuszssenusvel
2008 1307 2009 1310 ι

238 1333 244 1339 ·
299 1324 406 1386 cendia
421 1329 506 1386 sunt.
1136 1324 1319 1398 Nemesim,
1334 1327 1388 1388 lih.
1405 1327 1443 1390 de
1456 1329 1526 1390 Nat.
1543 1330 1642 1404 horn,
1657 1349 1728 1410 eap.
1742 1332 1930 1406 {indicunt

277 1398 283 1426 ³
336 1403 382 1464 Ad
395 1404 532 1480 primum
543 1401 1002 1484 ergodicendumquhdoratie
1013 1401 1085 1496 qui·
1136 1401 1195 1465 Sed
1219 1405 1468 1467 involuntarium
1491 1413 1625 1471 excusat
1644 1408 1665 1472 tl
1684 1409 1802 1489 culpa.
1836 1413 1929 1492 cujus

296 1479 367 1543 dem
381 1481 433 1544 dat
448 1482 682 1545 firmamentum
697 1482 965 1561 argumentationi
980 1499 1083 1560 pruno
1136 1482 1348 1545 consideratio
1361 1485 1498 1562 pertinet
1518 1487 1556 1548 ad
1574 1487 1768 1568 theologum.
1793 1488 1887 1570 Ergo
1900 1495 1930 1553 et

296 1577 346 1630 eu¹
358 1561 537 1624 substantia
554 1562 662 1634 actus,
680 1559 871 1623 secundarie
890 1560 966 1622 vero
979 1578 1020 1622 ex
1033 1559 1082 1623 his
1135 1561 1347 1624 consideratio
1359 1563 1671 1629 circumstantiarum
1683 1567 1723 1628 ad
1736 1567 1929 1650 theologum

295 1655 371 1716 quae
382 1641 589 1703 circumstant
601 1648 725 1711 actum3
741 1641 823 1702 sicut
834 1637 937 1717 primo
952 1655 1084 1702 accusa·
1134 1640 1282 1718 pertinet.

294 1717 368 1780 hilis
381 1719 522 1781 redditur
530 1719 647 1800 aliquis
657 1737 697 1780 ex
707 1719 769 1781 hoc
781 1718 865 1796 qued
878 1717 1083 1779 homicidium
1174 1718 1360 1797 ltespontleo
1379 1718 1547 1786 dicendum
1571 1723 1657 1801 qued
1673 1723 1927 1787 circumstantia

295 1795 382 1869 iecit,
398 1798 589 1861 secundario
604 1797 680 1860 vere
689 1815 731 1857 cx
745 1798 805 1880 hec
817 1796 901 1874 quod
912 1797 985 1857 delo
998 1796 1081 1870 iecit,
1134 1797 1295 1874 pertinent
1306 1798 1347 1860 ad
1361 1798 1647 1863 considerationem
1661 1802 1803 1884 theologi
1824 1805 1925 1884 tripli·

296 1875 1082 1956 relpropterlucrum,relintempore,vellaloco
1134 1875 1314 1938 citatione.

298 1970 409 2026 sacro,
425 1962 482 2018 aut
499 1954 621 2033 aliquid
642 1953 728 2017 aliud
746 1952 940 2032 huiusmodi.
959 1954 998 2014 Et
1011 1953 1082 2016 ideo
1172 1954 1278 2017 Primo
1301 1954 1431 2033 quidem
1448 1956 1526 2034 qnia
1546 1957 1653 2019 thecle
1700 1958 1925 2022 sconsiderat

297 2034 463 2113 signanter
475 2035 550 2097 dicit
562 2034 645 2128 quod
654 2051 718 2176 Xer
730 2032 1001 2124 circumstantiam
1015 2049 1084 2096 era·
1133 2035 1223 2099 actus
1237 2035 1395 2095 humanos
1405 2032 1579 2096 secundum
1592 2053 1634 2114 qu
1689 2055 1747 2116 per
1755 2055 1814 2100 ees
1828 2039 1925 2100 home

281 2113 341 2175 'tio
364 2114 635 2193 argumentatroni
678 2115 889 2175 rmamentum
917 2110 1080 2193 adjungit,
1132 2110 1409 2174 adheatitudinem
1418 2113 1827 2188 ordinatur;ernneautem
1837 2116 1924 2200 quod

233 2197 237 2206 '
294 2192 388 2271 quasi
406 2193 607 2257 secundario.
1132 2189 1299 2252 ordinatur
1311 2190 1350 2252 ad
1363 2191 1469 2264 fineen,
1480 2195 1923 2274 opertetessepropertiona·

336 2270 383 2332 nd
398 2272 572 2334 secundum
587 2269 753 2333 dicendum
767 2269 852 2361 quiid
869 2268 989 2348 aliquid
1001 2268 1083 2330 dici·
1131 2271 1200 2329 tum
1215 2269 1289 2340 hni3
1316 2274 1405 2332 actus
1429 2277 1536 2332 autem
1557 2273 1848 2350 proportionantur
1869 2273 1922 2334 lini

189 2369 192 2376 ·
294 2351 350 2411 tur
370 2350 515 2413 accidens
542 2349 678 2430 alicujus
701 2348 880 2426 dupliciter,
895 2353 932 2409 ut
953 2347 1082 2427 pateth
1133 2345 1307 2408 secundum
1347 2350 1691 2412 commensurationem
1748 2352 1920 2424 eamdam,

294 2427 378 2490 Meta
405 2427 1082 2504 h.,tert.162nnomedeqniainestei‚sie·
1132 2425 1723 2503 quahtperdehitascircumstantias.
1765 2431 1923 2492 ndecen-

375 2447 1080 2577 ssumdiclturaecidensSocratis3allemodo
1132 2503 1282 2566 sideratio
1314 2505 1628 2568 circumstantiarum
1659 2507 1699 2570 ad
1732 2508 1921 2588 theologum

294 2509 373 2569 utut

295 2584 1082 2664 quiaestsimulcumeeineodemsuhjecto,sicut
1131 2583 1279 2660 pertinet.

294 2663 411 2727 dicitur
426 2667 511 2745 qudd
527 2666 629 2728 othum
641 2665 755 2728 accidit
770 2665 904 2736 musice,
919 2664 952 2725 in
969 2681 1082 2742 qnan-
1171 2660 1315 2723 Secundo
1337 2661 1415 2738 quia
1439 2661 1607 2743 theologus
1629 2663 1813 2727 considerat
1830 2668 1920 2728 actus

294 2745 362 2805 turn
382 2746 579 2808 conveniunt
594 2749 625 2807 et
638 2742 873 2824 quodammodo
893 2761 927 2805 se
949 2743 1082 2804 contin·
1132 2738 1289 2801 humanos
1318 2736 1493 2801 seeundum
1522 2742 1608 2819 qued
1631 2741 1663 2802 in
1686 2743 1732 2804 eis
1754 2744 1921 2805 invenitur

293 2827 374 2962 gunt
395 2826 428 2885 in
448 2843 514 2886 une
531 2823 688 2904 subjecto.
702 2823 743 2884 Et
769 2839 827 2898 per
846 2822 933 2883 hunc
951 2821 1081 2882 modum
1131 2817 1253 2880 honum
1268 2818 1441 2892 etmalum,
1457 2818 1569 2881 melius
1585 2825 1616 2882 et
1628 2819 1735 2900 pejus3
1751 2829 1782 2883 et
1798 2823 1920 2884 hecdi-

315 2901 444 2964 ieuntur
457 2901 704 2966 circumstantiae
716 2899 891 2962 accidentia
908 2904 1048 2960 actuum.
1132 2896 1333 2958 versificatur
1344 2893 1518 2959 secundum
1533 2899 1802 2973 circumstantias,
1817 2905 1855 2962 ut
1869 2901 1922 2960 in-

334 2981 382 3041 Ad
394 2983 521 3044 tertium
534 2976 805 3056 dicendumqudd,
817 2978 1023 3039 sicutdietum
1034 2980 1083 3040 est
1132 2973 1180 3036 lra
1197 2975 1335 3054 patebit,
1357 2993 1414 3054 qu.
1433 2973 1482 3051 18,
1503 2979 1564 3038 art.
1581 2978 1619 3038 10
1634 2984 1666 3040 et
1679 2977 1734 3052 11,
1752 2983 1783 3039 11
1797 2997 1856 3059 qu.
1869 2977 1917 3050 73,

294 3059 328 3119 in
345 3061 441 3122 solut.
457 3079 564 3140 praee„
578 3058 724 3122 accidens
739 3054 1016 3118 dieituraccidenti
1029 3072 1082 3119 ac·
1132 3058 1193 3116 art.
1208 3054 1239 3114 7.

295 3137 399 3200 cidere
409 3135 800 3218 propterconvenientiam
812 3137 844 3196 in
855 3135 1008 3198 snh'ecte.
1019 3134 1081 3196 Sed
1171 3130 1279 3193 Tertio
1290 3132 1366 3210 quia
1377 3132 1544 3214 theologus
1559 3133 1741 3197 considerat
1753 3139 1847 3198 aetus
1861 3135 1918 3196 hu-

264 3247 270 3257 ·
295 3214 358 3278 hoe
380 3218 535 3297 contingit
550 3215 718 3296 dupliciter
740 3233 748 3274 ι
774 3231 839 3276 uno
854 3155 947 3275 medo
964 3233 1083 3277 secun·
1132 3226 1245 3272 manos
1263 3211 1438 3273 secundum
1449 3213 1535 3290 quiid
1548 3219 1623 3274 sunt
1635 3214 1789 3274 meritorii
1805 3215 1858 3279 rel
1870 3214 1918 3274 de·

295 3293 372 3355 dirm
398 3295 484 3374 quod
508 3297 572 3358 duo
593 3291 769 3357 accidentia
792 3297 1019 3371 comparantur
1041 3291 1081 3354 ad
1132 3289 1305 3364 meritorii,
1331 3288 1417 3368 qued
1440 3291 1589 3353 convenit
1603 3291 1727 3354 actibus
1744 3290 1916 3362 humanis;

294 3389 397 3434 unum
409 3373 587 3454 subjectum
601 3375 723 3451 absque
739 3371 848 3450 aliquo
863 3371 985 3444 ordine,
999 3372 1083 3433 sicut
1132 3366 1172 3429 ad
1200 3367 1286 3446 quod
1316 3367 1495 3446 requiritur
1523 3369 1608 3447 quod
1638 3369 1703 3430 sint
1729 3369 1916 3432 voluntarii.

295 3449 399 3514 aihum
412 3459 444 3516 et
459 3453 624 3520 musicam,
649 3452 687 3514 ad
700 3451 881 3522 Socratem
905 3450 968 3512 alie
987 3449 1081 3510 mede
1133 3447 1230 3507 hctus
1247 3450 1354 3508 autem
1369 3446 1529 3510 humanus
1540 3447 1916 3527 judicaturvoluntarius

296 3549 369 3594 oum
384 3532 494 3610 aliquo
508 3533 632 3602 ordine,
645 3528 723 3609 puta
736 3528 812 3607 quia
834 3528 1011 3608 subjectum
1027 3545 1083 3589 re-
1132 3524 1183 3586 vel
1197 3524 1433 3586 inroluntarius
1449 3524 1623 3587 seeundum
1637 3527 1855 3605 cognitionem
1869 3525 1916 3588 rel

296 3609 372 3690 cipit
388 3629 486 3676 unum
503 3611 649 3674 accidens
662 3609 726 3671 alie
740 3608 909 3681 mediante,
921 3607 1082 3670 sicutcor·
1132 3602 1348 3682 ignorantiam
1359 3603 1684 3676 circumstantiarum,
1696 3605 1917 3666 utdietumesi

295 3707 357 3768 pus
373 3690 489 3769 recipit
508 3689 648 3754 colorem
665 3686 822 3749 mediante
845 3685 1028 3764 superlicie3
1050 3689 1082 3748 et
1132 3681 1167 3742 in
1182 3698 1251 3760 arg.
1267 3679 1327 3741 Sed
1344 3689 1465 3741 contre.
1488 3682 1528 3743 Et
1541 3682 1611 3744 ideo
1625 3683 1841 3746 consideratio
1854 3683 1916 3745 cir-

296 3765 342 3831 sic
354 3786 455 3831 unum
468 3769 614 3832 accidens
625 3765 845 3830 dicitnretiam
858 3765 948 3826 alteri
963 3765 1079 3840 inesse;
1132 3760 1398 3852 eumstantiarum
1411 3760 1547 3852 pertinet
1563 3759 1602 3821 ad
1619 3760 1817 3902 theologum.

296 3847 430 3910 dicimus
460 3849 547 3910 euim
575 3847 714 3910 colorem
744 3861 815 3906 esse
836 3845 870 3904 in
900 3842 1080 3923 superficie.
1171 3837 1218 3898 ,te
1237 3855 1376 3915 primum
1400 3855 1476 3916 ergo
1499 3839 1667 3900 dicendum
1688 3857 1731 3917 qu
1755 3839 1773 3900 d
1797 3841 1916 3902 bonum

295 3925 437 4006 Utroque
459 3933 566 3988 autem
589 3926 682 3988 medo
703 3923 949 3986 circumstantia
962 3940 996 3984 se
1016 3922 1082 3984 ha·
1132 3915 1313 3978 ordinatum
1334 3916 1374 3976 ad
1393 3915 1489 3977 finem
1503 3918 1620 3978 dicitur
1630 3918 1725 3990 utile,
1747 3917 1835 3997 quod
1853 3918 1916 3976 im-

294 4005 372 4066 bent
383 4005 422 4066 ad
436 4013 544 4077 actosa
559 4021 635 4067 nam
646 4002 1016 4081 aliquaecircumstantiae
1028 4018 1081 4062 er·
1131 4000 1237 4074 portat
1249 3995 1438 4056 relationem
1459 3995 1643 4071 quamdam.
1662 3995 1749 4058 Unde
1766 3997 1916 4057 Philoso-

294 4082 410 4150 dinatae
430 4083 470 4145 ad
490 4089 595 4146 actum
613 4083 773 4162 pertinent
788 4078 827 4142 ad
849 4085 996 4160 agentern
1015 4098 1080 4141 non
1130 4074 1214 4153 phus
1231 4073 1306 4134 dicit
1328 4073 1360 4134 in
1378 4074 1392 4133 1
1407 4074 1531 4145 Ethic,
1553 4090 1624 4151 cap.
1637 4073 1676 4144 6,
1699 4076 1784 4136 circa
1798 4076 1912 4152 princ,

295 4161 453 4224 mediante
468 4169 560 4232 actu,
577 4159 654 4240 pulit
668 4162 756 4238 locus
770 4164 801 4221 et
815 4158 953 4226 conditio
966 4175 1082 4236 perso-
1131 4151 1216 4230 qued
1229 4153 1262 4213 in
1275 4151 1315 4212 od
1324 4151 1442 4231 aliquid
1457 4152 1576 4212 honum
1587 4156 1636 4213 est
1646 4153 1734 4214 utile.
1746 4153 1782 4214 ln
1796 4153 1847 4215 his
1861 4167 1915 4212 au·

294 4257 355 4311 nae,
381 4240 497 4321 aliquae
510 4241 587 4304 vero
609 4239 768 4302 mediante
789 4237 859 4316 ipso
884 4241 974 4312 actu,
999 4236 1081 4300 sicut
1131 4235 1195 4292 tem
1216 4248 1288 4308 quae
1309 4230 1349 4291 ed
1362 4228 1483 4308 aliquid
1503 4230 1671 4303 dicuntur,
1692 4231 1914 4292 denominatur

294 4319 408 4381 medus
422 4321 548 4401 agendi.
1131 4308 1252 4386 aliquid
1263 4325 1327 4369 non
1340 4307 1492 4369 solumah
1505 4308 1634 4386 eoquod
1648 4309 1740 4378 inest,
1755 4309 1913 4372 sedetiam

738 4439 745 4453 .
926 4436 934 4452 .
1131 4388 1225 4449 abeo
1246 4386 1331 4465 quod
1346 4383 1544 4448 extrinsechs
1566 4386 1714 4466 adjacet,
1730 4392 1765 4448 ut
1785 4391 1871 4466 patet
1881 4385 1913 4445 in

294 4443 475 4505 Afflcuws
486 4461 521 4503 ¹¹·
535 4437 695 4504 *mmm
716 4443 958 4500 mmmmm
970 4435 1081 4499 'mma'
1130 4464 1243 4527 dextro
1256 4470 1287 4527 et
1299 4465 1446 4536 sinistro,
1462 4465 1577 4542 aequali
1593 4471 1624 4526 et
1637 4467 1805 4543 inaequali,
1825 4463 1913 4527 etsta

332 4519 650 4612 ”mmal‘uumm
662 4514 915 4579 ⁰⁰n⁸²⁸d⁶rm²doe⁶
927 4515 1079 4594 m001090·
1130 4544 1271 4605 milibus.
1287 4544 1327 4603 lit
1340 4543 1409 4604 ideo
1423 4542 1494 4604 edm
1511 4544 1635 4606 benitas
1655 4549 1784 4605 actuum
1799 4544 1860 4614 sit,
1881 4541 1912 4601 in

332 4633 371 4647 ··
383 4598 432 4672 (¹⁶2
449 4601 523 4662 dm·
538 4599 587 4670 ¹⁶2
602 4605 709 4676 iuml·
722 4595 760 4668 3,
778 4603 839 4656 απ·
862 4594 892 4668 ¹⁹
918 4603 1025 4674 qm·
1049 4595 1078 4669 ¹·
1131 4627 1288 4700 quantum
1301 4625 1377 4682 sunt
1389 4621 1482 4682 utiles
1500 4622 1537 4685 ad
1553 4621 1661 4696 linem,
1677 4623 1757 4683 nihii
1770 4619 1914 4701 prohihet

332 4677 373 4741 αὖ
384 4673 415 4753 '²2
434 4687 462 4741 ⁸⁸
474 4685 580 4759 llum·
592 4675 627 4750 ⁹2
642 4674 743 4755 corp.)
1131 4717 1186 4762 eos
1201 4702 1302 4763 henos
1319 4700 1367 4760 vel
1382 4700 1483 4761 malos
1498 4700 1559 4762 dici
1583 4697 1757 4763 secundina
1778 4713 1913 4780 propor-

333 4771 1080 4852 11111111111111111111111.1111111111ὸά
1129 4779 1250 4840 tionem
1265 4777 1303 4840 ad
1318 4778 1511 4916 1111113111
1528 4778 1670 4841 exterius
1683 4778 1844 4857 adjacent.
1885 4847 1892 4868 ⁶

293 4855 540 4917 circumstantiae
557 4855 769 4914 humanorum
789 4856 916 4912 actuum
938 4869 1001 4912 non
1017 4853 1081 4913 sint
1170 4856 1216 4918 Ad
1238 4856 1411 4920 secundum
1460 4857 1605 4918 icendum
1628 4857 1713 4936 quod
1741 4857 1912 4920 accidentia

293 4931 562 4996 considerandted
579 4931 737 5009 theologe.
753 4931 822 4993 Non
836 4929 921 4992 enim
936 4929 1081 4991 conside·
1132 4949 1204 5014 quae
1217 4935 1348 4996 omnino
1362 4951 1419 5012 per
1435 4935 1581 4997 accidens
1596 4953 1631 4997 se
1653 4936 1788 5010 habent,
1811 4934 1912 4998 relin-

293 5019 409 5074 rantur
425 5009 444 5073 ri
459 5011 608 5090 theologo
621 5016 711 5072 actus
727 5009 872 5078 humani,
890 5008 952 5070 nisi
966 5025 1080 5070 secun·
1131 5015 1327 5092 quunturalt
1337 5013 1424 5078 omni
1441 5020 1509 5078 arte
1522 5019 1654 5093 propter
1665 5032 1776 5076 eorum
1790 5008 1912 5076 incerti·

292 5087 369 5152 eum
406 5089 470 5151 uod
483 5089 737 5181 suntaliquales,
752 5089 852 5160 idest,
867 5088 1081 5150 bonivelma·
1130 5091 1273 5153 tudinem
1288 5097 1319 5153 et
1332 5091 1531 5153 infinitatem.
1555 5093 1613 5154 Sed
1640 5094 1717 5155 talia
1741 5087 1912 5154 accidentia

291 5169 327 5230 li.
343 5107 404 5230 81]
414 5169 661 5231 circumstantiae
674 5183 739 5260 non
756 5165 903 5260 ridemur
917 5183 1011 5260 ppsse
1026 5163 1081 5228 la·
1132 5187 1196 5232 nen
1208 5171 1327 5232 hahent
1343 5170 1499 5232 rationem
1512 5171 1775 5242 circumstantiam
1790 5171 1865 5250 quia
1879 5169 1913 5226 ut

292 5265 365 5310 ecre
382 5253 472 5309 actus
489 5247 663 5326 aliquales,
678 5262 755 5325 quia
768 5245 848 5306 nrhrl
863 5243 1078 5322 qualificatur,
1131 5247 1322 5318 dictumest,
1337 5254 1398 5310 art.
1408 5265 1516 5326 proec..
1529 5249 1576 5311 sic
1586 5249 1832 5318 circumstantiae
1842 5244 1912 5308 sunt

291 5325 469 5388 formaliter
482 5326 654 5405 loquendo,
670 5327 711 5386 ah
721 5341 760 5386 eo
770 5323 854 5402 qnod
869 5327 1018 5385 estextra
1033 5323 1080 5401 ip-
1131 5331 1223 5390 extra
1238 5325 1451 5404 actumquhd
1466 5331 1572 5390 tamen
1584 5328 1815 5406 aciumaliquo
1825 5321 1912 5386 medo

290 5421 381 5478 sum,
407 5406 461 5466 sed
476 5407 517 5466 ab
531 5421 569 5466 ee
583 5403 668 5482 quod
688 5403 720 5463 in
743 5404 813 5481 ipse
830 5409 889 5464 est.
913 5402 998 5480 Ergo
1015 5401 1082 5462 cir-
1131 5407 1318 5486 contingant
1343 5405 1496 5467 ordinata
1520 5406 1560 5468 ad
1585 5406 1708 5484 ipsum.
1734 5399 1910 5467 decidentia

289 5485 492 5547 cumstantiae
506 5489 636 5547 aeterum
646 5499 712 5544 non
726 5478 831 5546 suntal
846 5479 995 5558 theologo
1004 5497 1080 5543 con·
1131 5489 1238 5548 autem
1253 5501 1310 5562 per
1325 5501 1359 5546 se
1373 5484 1491 5546 cadunt
1504 5486 1564 5547 suh
1578 5489 1659 5548 arte.
1884 5556 1891 5570 ,

289 5563 478 5626 siderandm.
1127 5569 1130 5576 ’
1171 5563 1217 5624 hd
1245 5564 1377 5634 tertium
1397 5562 1565 5632 dicendum
1593 5562 1679 5642 qudd
1706 5561 1912 5624 consideratio

328 5639 360 5700 2.
382 5642 551 5713 Praeterea,
569 5638 819 5703 circumstantiae
839 5640 915 5699 sunt
931 5636 1080 5700 acciden-
1131 5641 1445 5706 circumstantiarum
1459 5642 1594 5720 pertinet
1604 5642 1644 5704 ad
1656 5641 1811 5703 moralem
1821 5645 1851 5701 et
1861 5649 1911 5716 po·

289 5718 336 5790 tie
348 5723 490 5781 actuum.
499 5719 557 5782 Sed
568 5719 625 5779 uni
636 5717 762 5778 infinita
770 5716 917 5779 accidunt
929 5736 938 5792 l
953 5719 983 5778 et
997 5717 1077 5794 ideo,
1131 5719 1265 5796 litieurn,
1277 5726 1308 5782 et
1322 5720 1360 5786 ad
1373 5721 1544 5785 rhetorem.
1557 5719 1601 5782 hd
1614 5721 1768 5783 moralem
1779 5717 1911 5806 quidem
