4004 6346
79 5862 83 5871 ,
209 5805 298 5871 supp,
323 5789 405 5872 sicut
432 5789 529 5870 etiam
554 5805 613 5871 per
635 5787 674 5866 de

207 309 259 382 sn

206 420 314 515 diuum,
334 421 422 500 qrrod
443 425 492 517 est
514 419 641 514 virtutis
665 420 814 513 moralis,
835 417 932 510 etiam
954 416 1014 508 9⁸¹*

207 499 1004 659 *a*”satirisutlffttttffatf'o

207 598 224 726 ξ
323 657 1004 733 nlisetmensuraptis3virtutisautemmu-

208 675 288 807 agit}
315 743 352 804 ut
377 743 572 806 mensurata
602 742 634 801 et
660 739 824 818 regulata.
852 733 1004 799 Similiter

207 836 360 886 excessus
384 823 416 880 et
438 819 579 882 defectus
606 817 763 896 accipitur
788 811 1002 878 diversimodo

206 899 393 977 utrobique.

247 977 294 1038 Ad
306 979 445 1056 primum
458 996 535 1058 ergo
549 976 717 1039 dicendum
730 973 815 1054 quod
827 974 924 1036 etiam
936 973 1003 1038 vir.-

209 1059 260 1127 tus
278 1056 504 1123 intellectualis
522 1059 619 1120 habet
636 1073 728 1118 suam
747 1069 949 1122 mensuram,
967 1056 1004 1113 ul

206 1134 386 1198 dictumest
396 1138 429 1196 in
440 1155 529 1216 corp.
544 1141 619 1208 art,
634 1140 665 1197 et
677 1151 734 1213 per
746 1133 1003 1195 conformitatem

206 1214 246 1280 ad
263 1215 366 1294 ipsam
381 1216 538 1295 accipitur
552 1217 586 1276 in
601 1213 671 1293 ipsa
686 1213 836 1280 medium.

248 1294 295 1368 Ad
311 1294 486 1370 secundum
503 1295 672 1364 dicendum
686 1292 772 1372 quod
787 1309 853 1358 nou
874 1293 922 1354 est
939 1307 1003 1351 ne-

206 1391 298 1446 cesse
319 1373 353 1434 in
378 1373 538 1436 infinitum
564 1373 736 1453 procedere
759 1370 1000 1444 invirtutibus,

207 1453 286 1530 quia
311 1470 464 1516 mensura
488 1459 519 1516 et
542 1454 656 1534 regula
680 1449 907 1513 intellectualis
931 1450 1003 1510 vir-

206 1534 284 1624 tutis
301 1549 366 1593 nou
381 1536 429 1594 est
443 1530 674 1613 aliquodaliud
688 1547 789 1612 genus
805 1528 931 1594 virtutis
946 1527 1002 1589 sed

206 1627 216 1686 s
242 1628 278 1674 sa
294 1628 358 1684 res.

220 1629 294 1767 pltd
306 1691 434 1762 tertium
444 1691 612 1754 dicendum
622 1689 709 1770 qudd
722 1689 799 1767 ipsse
809 1691 1002 1750 rescentra-

204 1769 263 1842 riae
272 1788 336 1842 non
349 1770 737 1834 habentcontrarictatem
748 1769 781 1828 in
791 1765 911 1841 anima,
923 1767 1002 1845 quia

205 1865 308 1910 unum
328 1855 377 1910 cst
393 1850 476 1910 ratio
495 1849 708 1930 cognoscendi
725 1847 879 1916 alternum
899 1850 930 1906 et
945 1851 1002 1907 ta·-

205 1945 279 1988 rnen
296 1929 328 1989 in
341 1928 505 1990 intellectu
519 1933 569 1991 est
584 1927 796 1990 contrarietas
812 1924 1002 1988 affirmatio-

205 2005 257 2068 nis
273 2012 304 2068 et
321 2008 520 2085 negationis,
538 2027 611 2087 quae
628 2004 883 2074 suntcontraria
897 2007 934 2065 ut
947 2002 1001 2063 di-

207 2085 292 2160 citur
313 2087 345 2148 in
365 2086 428 2148 tine
449 2087 717 2151 Pcrihcrmenias.
740 2084 892 2160 Quamvis
914 2084 1001 2145 enim

207 2183 271 2236 erse
285 2171 313 2224 ct
327 2184 393 2234 noe
409 2183 548 2232 essenon
563 2166 628 2231 sint
644 2165 826 2235 contraria,
845 2163 900 2225 sed
917 2179 1002 2224 con·-

204 2243 389 2314 tradicturid
413 2247 580 2324 opposita,
608 2246 636 2306 si
661 2243 905 2310 considerentur
930 2243 1001 2319 ipsa

206 2322 385 2402 significata
397 2329 495 2402 prout
508 2331 584 2386 sunt
597 2325 630 2386 in
644 2327 757 2396 rebus,
772 2322 849 2401 quia
862 2322 1022 2388 alterum„

205 2407 254 2462 est
269 2421 346 2476 ens,
362 2408 394 2465 et
407 2404 544 2466 alterum
559 2409 607 2465 est
621 2402 701 2482 pure
718 2420 783 2464 non
801 2420 875 2473 ens,
893 2406 1000 2464 lamen

205 2481 234 2542 si
249 2481 431 2544 referantur
443 2483 483 2546 ad
497 2487 605 2546 actum
615 2484 743 2552 animae,
757 2487 931 2558 utrumque
944 2497 1001 2557 po·.

208 2562 256 2621 nil
278 2561 399 2640 aliquid
423 2580 505 2625 esse.
526 2563 614 2625 llnde
634 2581 695 2622 csse
708 2568 740 2623 et
760 2579 826 2620 non
846 2578 907 2619 esse
925 2563 1002 2620 sunt

205 2641 464 2704 contradictoria.
497 2641 557 2704 Sed
590 2642 701 2720 opinio
731 2638 796 2718 q'nti
827 2639 1001 2717 opinamur

205 2718 291 2797 qudd
304 2719 416 2792 bouum
428 2730 470 2781 est
482 2719 606 2788 bonum,
619 2726 669 2784 est
680 2719 843 2781 contraria
856 2718 1000 2795 opinioni

205 2796 271 2875 qui
289 2801 462 2877 opinamur
477 2800 563 2878 quod
582 2799 696 2866 bouum
713 2817 779 2860 nou
798 2806 840 2859 est
862 2796 1000 2860 fortiam:

206 2881 238 2938 et
254 2877 338 2940 inter
352 2878 535 2958 eujusmodi
551 2878 716 2946 contraria
729 2876 860 2944 medium
874 2882 923 2938 cst
937 2876 1001 2936 rir-

205 2958 258 3018 tus
274 2957 512 3021 intellectualis.

205 3077 385 3156 Anrrcucus
409 3097 453 3142 rr.
472 3114 511 3124 -
530 3077 643 3160 Utrcirn
664 3079 798 3150 uirtutes
821 3075 1001 3157 theoloyicu

246 3159 420 3238 consistunt
443 3159 478 3221 in
503 3157 603 3220 medio
619 3173 664 3203 ’-
688 3147 785 3238 (Η,
813 3165 920 3236 preest.
949 3156 999 3229 17,

245 3243 308 3318 art.
324 3235 355 3311 3,
372 3237 412 3298 ad
425 3236 456 3310 2,
474 3246 500 3298 et
515 3238 545 3310 3,
561 3237 634 3299 dist.
651 3234 702 3315 23,
716 3244 823 3316 quast.
841 3237 870 3306 1,
888 3243 949 3322 arip
968 3233 999 3309 3,

185 3355 195 3414 ,Ἴ
245 3323 352 3394 quest.
370 3314 407 3388 i,
429 3323 458 3376 ct
480 3317 560 3402 Viris
582 3324 688 3397 quest.
704 3317 733 3386 1,
749 3322 810 3376 ort.
827 3313 881 3390 13,
898 3331 998 3394 corp..

246 3401 276 3533 {t
292 3393 760 3553 offirmascleis
776 3401 838 3456 Μ’·
852 3393 888 3468 2‘
903 3392 944 3456 ⁰⁶¹
963 3392 1000 3453 1⁰

247 3571 292 3633 nd
303 3577 455 3651 quartum
465 3573 511 3636 sic
522 3574 716 3654 proceditur.
730 3573 759 3652 f.
770 3571 904 3634 Videtur
913 3571 1001 3649 qudd

205 3651 309 3730 virtus
329 3653 508 3734 theologica
525 3654 681 3733 consistat
693 3652 727 3713 in
742 3652 859 3714 medio.
873 3652 1000 3717 Bonum

205 3731 291 3792 enim
316 3731 454 3796 aliarum
478 3734 634 3800 virtutum
656 3731 803 3804 consistit
826 3731 859 3791 in
881 3728 997 3792 medio.

205 3810 265 3872 Sed
277 3811 377 3874 virtus
393 3813 574 3894 theologica
584 3811 752 3876 exceditiu
763 3811 905 3888 bonitate
917 3810 999 3878 alias

206 3890 353 3954 virtutes.
369 3893 454 3972 Ergo
470 3891 570 3967 virtus
585 3890 766 3971 theologica
780 3888 881 3952 multo
896 3891 999 3969 magis

206 3973 255 4034 est
269 3971 303 4031 in
319 3971 435 4033 medio.

246 4049 276 4108 2.
294 4050 462 4124 Praeterea,
476 4049 616 4114 medium
627 4049 756 4113 virtutis
769 4047 900 4111 morulis
913 4048 1002 4118 acci-

206 4127 294 4205 pitur
310 4128 439 4205 quidem
460 4129 636 4206 secuudum
655 4129 740 4207 quod
764 4129 924 4207 appetitus
946 4146 1001 4200 rc—¹

206 4206 337 4286 gulatur
350 4225 408 4285 per
421 4208 596 4282 rationem
610 4207 835 4270 intellectualis
850 4205 929 4268 vero
942 4224 1001 4268 sc-

206 4283 346 4346 cunddm
365 4285 450 4364 qudd
470 4287 649 4349 intellectus
667 4291 777 4347 noster
793 4289 1001 4346 mensuratur

206 4362 227 4426 d
246 4381 293 4425 rc.
315 4363 374 4426 Sed
391 4365 494 4427 virtus
510 4365 690 4444 theologica
706 4367 738 4426 et
751 4361 883 4441 perfecit
900 4363 1001 4425 intel-

205 4443 325 4506 lectum
349 4447 381 4505 et
403 4445 597 4524 appetitum,
619 4446 657 4516 ut
678 4459 777 4522 suffra
799 4442 917 4516 dictum
939 4447 998 4517 est,

84 4551 85 4556 ¹
206 4525 320 4616 quaest.
340 4523 396 4597 62,
413 4529 473 4586 art.
489 4524 519 4586 3.
537 4525 623 4605 Ergo
640 4523 738 4586 etiam
752 4521 854 4598 victus
869 4521 1001 4594 theofoe

206 4619 278 4682 grca
293 4603 439 4666 consistit
452 4604 485 4665 iu
499 4603 616 4665 medio.

246 4681 276 4742 3.
295 4683 467 4758 Praeterea,
488 4701 573 4762 spes,
589 4699 662 4762 quse
679 4685 728 4744 est
746 4680 849 4753 virtus
869 4680 1001 4753 theoloss

206 4760 289 4849 gica,
300 4762 441 4824 medium
453 4763 598 4825 estiuter
608 4760 865 4839 desperationem
877 4763 909 4828 et
919 4775 1001 4837 praa-

207 4840 441 4920 sumptionem
466 4841 613 4903 simililer
641 4840 738 4902 eliam
770 4838 847 4901 fides
883 4837 1001 4900 incedit

206 4918 313 4981 media
334 4920 419 4993 inter
439 4921 617 4983 contrarias
641 4919 799 4991 haereses,
818 4921 855 4978 ut
871 4917 1000 4990 Boetius

207 4981 283 5058 dicit
309 4999 342 5073 sn
369 4998 425 5078 ne.
452 4998 491 5060 aa
518 4997 643 5060 cnaeus
667 4997 813 5069 natans,
836 4995 954 5076 empne.
980 4993 1001 5062 s

207 5077 311 5154 princ.
335 5081 367 5148 et
390 5074 430 5138 ad
452 5077 526 5152 fin.;
546 5075 737 5156 quodecim
758 5074 948 5136 confitemur
966 5075 1000 5136 in

207 5154 335 5234 Christo
359 5172 460 5228 unam
486 5172 659 5235 personam
683 5158 715 5215 et
739 5153 818 5215 duas
845 5159 1000 5224 naturas,

207 5229 348 5296 medium
363 5231 411 5296 e'st
426 5237 509 5312 inter
522 5233 669 5297 haeresim
683 5233 839 5306 Nestorii,
856 5232 911 5309 qui
926 5231 1002 5293 dicit

208 5313 289 5376 duas
308 5330 464 5393 personas
484 5319 516 5376 et
534 5313 613 5376 duas
634 5315 786 5386 naturas,
803 5315 835 5384 et
853 5310 1000 5372 haeresim

208 5392 416 5475 Eutychetis,
448 5392 504 5471 qui
535 5391 611 5466 dicit
637 5407 738 5454 unam
768 5407 940 5468 personam
970 5391 1002 5453 et

209 5490 309 5544 unam
323 5477 484 5548 naturam.
501 5472 585 5551 Ergo
601 5471 704 5534 virtus
722 5469 903 5549 theologica
921 5483 1002 5540 con·
1079 5525 1082 5533 r

208 5553 292 5622 sistit
307 5553 338 5614 in
354 5551 470 5613 medio.

248 5631 309 5693 Sed
323 5633 448 5704 contra,
462 5631 495 5692 iu
511 5631 661 5696 omnibus
678 5628 710 5689 in
725 5628 843 5706 quibus
857 5625 1002 5690 consistit

208 5709 313 5780 virtus
327 5709 359 5770 in
375 5710 491 5782 medio,
506 5709 662 5788 contingit
676 5724 810 5850 stcecffie
822 5722 1003 5848 pseezerzicecsg

695 303 824 362 sonum
843 295 1072 366 atiscloutcs
1092 295 1198 366 Palus
1215 297 1397 370 SECUNDAE.

1800 307 1855 365 li!

1056 403 1177 489 Deum,
1194 415 1251 508 qui
1266 419 1315 479 cst
1331 415 1492 498 objectum
1509 419 1636 483 virtutis
1651 419 1853 516 theologicos

1057 509 1123 586 uon
1137 496 1295 588 contingit
1310 513 1445 575 peccare
1462 515 1520 577 pcr
1533 517 1720 575 excessums
1736 501 1854 564 dcitur

1057 590 1142 634 enrm
1158 573 1254 635 Ecclr.
1270 573 1321 650 ta,
1334 575 1374 635 33
1389 596 1397 636 :
1412 577 1635 640 Benedicentes
1648 580 1747 641 Deum
1761 581 1854 642 ecut-

1058 658 1120 712 tote
1133 651 1233 722 illum,
1252 652 1404 734 quantum
1418 658 1688 739 potestis,··mcjor
1707 661 1788 720 enim
1808 667 1854 721 ert

1058 731 1142 821 omui
1157 730 1259 800 tande.
1275 734 1360 814 Ergo
1377 735 1478 798 virtus
1493 736 1674 818 theologica
1686 755 1752 800 non
1770 756 1855 801 cou-

1058 811 1317 878 sistitinmedio.

1095 890 1284 968 Respondeo
1305 893 1475 955 dicendum
1497 895 1601 974 qudd,
1624 897 1707 960 sicut
1729 897 1854 958 dictum

1056 971 1105 1030 est
1125 975 1186 1031 art.
1208 972 1223 1030 1
1243 971 1339 1050 hujus
1354 979 1481 1051 quaest„
1498 975 1638 1036 medium
1650 976 1778 1055 virtutis
1793 992 1845 1038 ac·

1058 1047 1175 1129 cipitur
1191 1067 1249 1127 per
1265 1051 1521 1114 conformitatem
1537 1055 1578 1116 ad
1595 1072 1687 1118 suam
1703 1054 1852 1135 regulam

1055 1127 1108 1188 rel
1135 1145 1339 1204 mensuram,
1368 1129 1546 1194 secundum
1576 1133 1663 1213 qudd
1694 1135 1854 1212 contingit

1055 1205 1159 1285 ipsam
1179 1210 1405 1279 transceudere
1423 1212 1476 1272 rel
1494 1213 1536 1274 ab
1553 1211 1592 1274 ca
1608 1213 1754 1276 deficere.
1770 1212 1855 1274 Vir-

1055 1285 1131 1347 tutis
1151 1290 1258 1350 autem
1279 1289 1468 1431 theologicas
1484 1291 1604 1370 duplex
1623 1297 1728 1370 potest
1746 1291 1851 1370 accipi

1055 1381 1208 1456 mensura
1223 1387 1230 1426 ε
1246 1383 1313 1431 una
1328 1371 1383 1447 qui
1407 1387 1458 1432 em
1474 1369 1651 1433 secundum
1666 1373 1771 1450 ipsam
1788 1388 1853 1432 ra-

1055 1447 1175 1534 tionem
1199 1447 1347 1522 virtutis3
1372 1454 1405 1511 et
1430 1450 1477 1510 sic
1502 1467 1657 1513 mensura
1678 1455 1711 1512 ct
1734 1450 1853 1531 regula

1054 1525 1182 1590 virtutis
1199 1525 1387 1606 theologice
1401 1533 1450 1590 est
1464 1529 1534 1606 ipse
1549 1530 1655 1602 Deus3
1669 1527 1746 1591 fides
1761 1531 1851 1591 euim

1055 1608 1166 1665 nostra
1190 1607 1357 1685 regulatur
1379 1605 1554 1680 secundum
1576 1611 1744 1670 veritatem
1766 1608 1853 1668 diri-

1054 1697 1149 1772 nam,
1173 1683 1312 1764 charitas
1337 1690 1445 1748 autem
1470 1685 1646 1750 secuudum
1674 1688 1853 1749 bonitatem

1054 1778 1141 1839 ejus,
1164 1780 1237 1840 spes
1262 1769 1370 1827 autem
1394 1765 1569 1828 secundum
1594 1767 1870 1846 magnitudinem·

1053 1841 1295 1918 omnipotentius
1317 1848 1349 1906 et
1372 1844 1503 1923 pietatis
1525 1845 1595 1985 chus
1619 1865 1627 1905 ε
1651 1851 1681 1907 ef
1708 1847 1772 1908 ista
1801 1849 1852 1908 est

1053 1937 1206 1984 mensura
1223 1924 1379 1987 excedens
1399 1942 1529 1987 omnem
1571 1942 1723 1987 umanum
1744 1924 1853 1986 facuh

1053 2001 1169 2072 tatem3
1190 2001 1275 2063 unde
1295 2002 1462 2083 nunquam
1483 2007 1590 2084 potest
1601 2003 1704 2065 homo
1723 2001 1852 2066 tantiam

1052 2077 1186 2156 diligere
1208 2080 1329 2154 Deum,
1357 2081 1515 2161 quantum
1540 2083 1628 2176 diligi
1654 2083 1766 2156 debet,
1792 2100 1853 2145 uec

1052 2155 1177 2219 tantiam
1191 2161 1320 2222 credere
1335 2169 1392 2224 aut
1406 2179 1537 2240 sperare
1551 2162 1585 2222 in
1600 2180 1726 2241 ipsum,
1743 2179 1851 2240 quan-

1054 2231 1121 2296 ldm
1135 2237 1238 2300 debet.
1255 2240 1343 2304 Unde
1358 2239 1581 2304 multominus
1598 2245 1702 2321 potest
1716 2241 1762 2303 ibi
1777 2259 1852 2302 esse

1053 2331 1217 2392 excessus,
1231 2324 1262 2379 ct
1275 2319 1321 2382 sic
1336 2322 1455 2382 bonum
1470 2322 1542 2383 talis
1558 2321 1684 2383 virtutis
1699 2337 1765 2381 non
1777 2337 1852 2382 com

1053 2393 1137 2455 sistit
1154 2397 1187 2457 in
1206 2398 1328 2471 medio;
1348 2400 1402 2462 scd
1421 2399 1510 2464 farrtd
1526 2403 1575 2461 cst
1590 2400 1707 2462 melius
1724 2400 1850 2478 quanto

1052 2475 1154 2553 magis
1170 2477 1333 2540 acceditur
1347 2479 1386 2540 ud
1401 2497 1574 2541 summum.

1092 2555 1165 2617 Mill
1181 2556 1256 2618 roro
1269 2559 1381 2636 regula
1393 2561 1442 2620 rol
1456 2575 1609 2621 mensura
1617 2557 1747 2620 virtutis
1758 2557 1851 2620 theo·

1052 2631 1163 2712 logicae
1185 2640 1293 2698 estex
1316 2644 1406 2716 parte
1427 2638 1557 2712 nostrd3
1579 2638 1675 2716 quia,
1698 2639 1760 2698 etsi
1783 2653 1851 2698 nou

1052 2729 1224 2789 possumus
1244 2715 1318 2776 ferri
1337 2717 1369 2777 in
1391 2718 1490 2778 Deum
1505 2714 1664 2796 quantum
1678 2715 1851 2790 dehemus,

1052 2789 1205 2855 debemus
1235 2799 1340 2857 trrnnm
1371 2796 1445 2858 ferri
1474 2797 1507 2857 in
1536 2796 1643 2875 ipsum
1671 2794 1851 2868 credendo,

1052 2872 1212 2948 sperando
1235 2876 1267 2934 ol
1292 2875 1431 2936 amando
1459 2873 1636 2938 secundum
1662 2891 1852 2936 mensuram

1051 2959 1170 3040 reinstrui
1185 2952 1388 3016 crrrrditionis.
1408 2955 1493 3017 Unde
1508 2971 1567 3048 por
1581 2953 1728 3018 accidens
1744 2957 1855 3032 potest

1053 3045 1086 3090 ru
1108 3031 1224 3093 virtute
1240 3032 1418 3112 theologici
1433 3033 1632 3096 considerari
1646 3031 1801 3107 modium,
1818 3037 1853 3094 et

1053 3112 1210 3182 extrema,
1224 3128 1265 3173 ex
1280 3118 1371 3190 parte
1386 3111 1508 3176 nostri.

1092 3187 1139 3248 nd
1164 3190 1304 3266 primum
1325 3209 1403 3272 crgo
1425 3191 1596 3254 dicendum
1618 3191 1705 3270 qudd
1727 3193 1853 3252 bouum

1051 3265 1207 3331 virtutum
1231 3268 1494 3334 intellectualium
1517 3275 1550 3333 et
1570 3271 1744 3332 moralium
1765 3286 1854 3332 con-

1052 3345 1136 3406 sistit
1146 3348 1179 3408 in
1192 3348 1297 3410 medio
1307 3367 1364 3427 per
1375 3350 1634 3412 conformitatem
1648 3349 1688 3418 ad
1702 3348 1853 3442 regulam

1054 3425 1102 3486 vel
1114 3443 1310 3500 mensuram,
1321 3447 1419 3508 quam
1432 3427 1658 3492 transcendere
1670 3429 1849 3508 corrtrngits

1051 3504 1138 3580 quod
1152 3509 1278 3567 nonest
1292 3507 1325 3568 in
1340 3509 1513 3572 virtutibus
1529 3507 1730 3586 theologicis,
1745 3525 1805 3586 per
1816 3524 1853 3568 se

1052 3580 1230 3660 loquendo,
1245 3589 1282 3646 ut
1295 3586 1415 3649 dictum
1429 3593 1478 3649 est
1493 3588 1527 3649 in
1539 3604 1628 3666 corp.

1092 3662 1139 3722 nd
1155 3665 1332 3726 secuudum
1346 3667 1514 3730 dicendum
1527 3665 1616 3745 quod
1631 3665 1766 3729 virtutes
1780 3681 1855 3726 mo-

1051 3741 1136 3802 rales
1155 3746 1188 3804 et
1204 3743 1437 3809 intellectuales
1458 3744 1630 3824 perficium
1650 3744 1852 3807 intellectum

1052 3822 1084 3881 et
1095 3821 1272 3900 appetitum
1284 3831 1432 3888 nostrum
1443 3825 1476 3886 in
1488 3824 1600 3886 ordine
1610 3823 1650 3887 ad
1661 3841 1852 3885 mensuram

1052 3902 1084 3960 et
1101 3900 1247 3980 regulam
1265 3908 1425 3979 creatam;
1441 3905 1575 3966 virtutes
1595 3908 1704 3966 autem
1722 3903 1851 3964 theolo-

1052 3977 1128 4057 gicae
1144 3981 1176 4040 in
1192 3979 1304 4042 ordine
1320 3983 1360 4044 ad
1377 3999 1562 4045 mensuram
1579 3987 1611 4044 et
1627 3981 1774 4062 regulam
1791 3982 1852 4042 iu-

1052 4063 1205 4121 oreatam.
1219 4059 1307 4122 Unde
1321 4066 1450 4138 nonest
1462 4061 1576 4124 similis
1591 4061 1686 4123 ratio.
1728 4099 1733 4108 ·

1092 4139 1138 4199 Ad
1158 4140 1287 4200 tertium
1305 4139 1473 4202 dicendum
1487 4140 1572 4220 quod
1591 4159 1663 4220 spes
1681 4142 1730 4202 est
1744 4137 1850 4203 medis

1051 4215 1137 4278 iuter
1162 4220 1445 4297 praesumptionem
1468 4225 1501 4281 et
1524 4218 1781 4298 desperationem
1806 4235 1850 4278 ex

1052 4302 1143 4374 parte
1156 4297 1277 4371 nostrii,
1292 4300 1494 4377 inquantum
1509 4298 1629 4360 scilicet
1640 4298 1760 4376 aliquis
1772 4313 1853 4374 prco-

1052 4393 1181 4436 sumere
1197 4375 1313 4439 dicitur
1327 4395 1369 4438 ex
1384 4395 1423 4440 eo
1439 4376 1527 4454 quod
1541 4381 1650 4456 sperat
1664 4375 1683 4438 d
1698 4377 1766 4436 Deo
1783 4377 1851 4436 ho-

1053 4472 1131 4515 num
1156 4456 1241 4532 quod
1265 4457 1391 4517 excedit
1413 4473 1507 4518 suam
1531 4457 1769 4527 conditionem
1798 4453 1847 4515 rel

1052 4532 1242 4612 despenare‚
1260 4534 1340 4612 quia
1360 4553 1425 4597 non
1445 4539 1555 4615 sperat
1567 4536 1653 4614 quod
1669 4531 1849 4596 secundum

1052 4630 1144 4674 suam
1158 4615 1372 4676 conditionem
1382 4631 1514 4692 sperare
1523 4620 1643 4694 posset.
1654 4615 1726 4675 Non
1738 4615 1847 4674 autem

1052 4696 1158 4771 potest
1181 4711 1253 4754 esso
1276 4694 1574 4772 superabundantia
1597 4693 1665 4773 spei
1689 4711 1732 4754 ex
1755 4695 1848 4770 parte

1051 4771 1120 4843 Dei,
1132 4771 1223 4851 cujus
1238 4773 1363 4834 bonitas
1376 4777 1425 4835 est
1435 4773 1571 4835 infinita.
1584 4772 1739 4834 Similiter
1749 4771 1848 4832 cu'am

1052 4850 1129 4912 fides
1143 4855 1192 4911 est
1202 4851 1307 4914 media
1321 4851 1405 4913 inter
1419 4853 1598 4914 contrarias
1613 4852 1765 4921 hareses,
1781 4866 1848 4910 non

1051 4947 1111 5068 Ber
1132 4931 1404 5008 comparationem
1426 4931 1465 4993 ad
1489 4931 1667 5010 objectum,
1690 4928 1778 5008 quod
1799 4935 1849 4991 cst

1081 5026 1157 5080 eus,
1173 5009 1224 5070 cui
1239 5027 1304 5070 non
1320 5013 1425 5088 potest
1443 5009 1561 5089 aliquis
1581 5009 1677 5071 nimis
1697 5007 1846 5080 credere,

1052 5087 1107 5148 sed
1122 5088 1155 5148 in
1170 5094 1327 5166 quantum
1342 5089 1413 5166 ipsa
1427 5089 1538 5167 opinio
1551 5089 1696 5150 humana
1709 5091 1761 5148 est
1772 5105 1850 5149 me·

1052 5166 1104 5228 dia
1120 5168 1203 5228 inter
1230 5168 1409 5229 contrarias
1427 5168 1615 5246 opiniones,
1630 5171 1724 5228 utcx
1748 5181 1849 5246 supra

1052 5244 1142 5308 dictis
1157 5250 1254 5324 patet,
1268 5250 1329 5308 art.
1343 5246 1505 5326 prioc.,ad
1516 5247 1547 5306 3.
1796 5253 1798 5260 '

1297 5363 1480 5440 QUAESTIO
1501 5365 1599 5438 LXV.

1072 5445 1119 5522 Ds
1140 5460 1341 5512 conncnonu
1356 5447 1539 5508 'rrnrururn
1556 5480 1593 5490 -
1613 5443 1672 5524 (Iu
1692 5445 1829 5525 quinque

1298 5523 1450 5586 articulos
1471 5521 1598 5605 divisa.)

1094 5621 1215 5684 Deinde
1233 5623 1502 5685 consideraudrun
1523 5627 1572 5685 est
1587 5621 1626 5683 de
1644 5619 1849 5684 connexione

1056 5702 1211 5766 virtutum
1224 5721 1232 5774 3
1248 5707 1280 5763 et
1294 5703 1379 5764 circa
1393 5702 1455 5762 hoc
1469 5706 1660 5779 quaruntur
1676 5701 1822 5792 quinque
1838 5718 1847 5758 :

1057 5782 1085 5867 Γ
1110 5778 1217 5859 utrium
1241 5781 1374 5858 uirtutes
1399 5782 1537 5860 morales
1562 5782 1625 5850 siut
1646 5779 1685 5854 ad
1710 5779 1849 5853 iunceus
