4080 6354
331 315 383 372 lot
790 305 923 368 eulina
942 305 1173 366 TilEOLOGlCAE
1192 305 1497 370 minitantium.
1928 323 1967 382 m

327 425 668 506 regeneraturus
689 423 776 488 enim
797 439 866 488 nna
887 426 936 487 cst
956 425 1073 505 regula
1095 431 1127 490 et
1181 425 1230 486 est
1241 441 1319 510 erqo
1331 425 1480 491 voluntas
1494 426 1591 504 mala,
1603 427 1631 492 si
1643 427 1805 498 discordat
1818 430 1842 498 d
1854 437 1966 506 ratione

331 524 496 571 mensura.
512 507 571 570 Sed
585 505 698 586 regula
714 504 864 566 humanu
878 503 1068 578 voluntatis,
1081 524 1125 568 ex
1181 511 1321 565 errante.

330 586 398 666 qud
421 586 490 670 ejus
509 585 635 650 bonitas
658 582 833 663 dependet,
856 586 906 644 est
922 583 1006 646 ratio
1024 587 1124 647 recta.
1218 582 1676 658 2.Praeterea,secunddmlu
1723 591 1965 667 stinum,sern.

330 667 416 748 Ergo
431 683 496 728 non
517 663 673 744 dependet
691 663 818 726 bonitas
831 662 1007 724 voluntatis
1022 659 1125 743 alege
1177 659 1249 723 tide
1260 661 1278 723 l
1290 663 1357 724 erb.
1375 663 1481 740 Dom.,
1495 682 1566 744 cap.
1583 664 1614 739 8,
1631 605 1794 748 leffium
1805 679 1966 751 pererrata

329 743 460 808 telerna.
1176 749 1364 821 preceptum
1381 760 1448 803 uon
1460 741 1595 824 odiique,
1612 745 1640 806 si
1658 750 1884 813 contrarietur
1891 771 1966 834 prc-

368 823 399 884 2.
421 825 753 893 Praterea,meusure
775 828 818 881 est
833 817 1020 900 domopenca
1035 838 1126 881 men-
1178 835 1194 878 c
1234 827 1265 881 te
1278 821 1446 900 potestatis
1455 822 1744 903 superioriessicut
1757 827 1788 890 ei
1846 834 1965 894 caemar

328 910 454 973 eurota,
470 907 508 964 ut
521 902 638 964 dicitur
659 899 693 961 in
713 899 751 962 10
768 898 962 980 Metaplrys„
987 903 1065 960 text.
1090 896 1121 960 i.
1169 837 1281 990 ‚frigeat
1303 899 1425 980 aliquid
1444 900 1529 984 qued
1540 901 1712 982 imperator
1728 923 1790 985 pro
1818 906 1896 971 ibet.
1915 911 1962 974 sel

328 982 387 1044 Sed
400 983 455 1044 lex
471 987 591 1044 aterna
608 982 737 1041 nonest
753 978 952 1058 homogenea
963 979 1122 1041 voluntati
1176 981 1260 1038 ratio
1268 993 1379 1041 errans
1389 980 1583 1058 quandoque
1592 983 1882 1065 proponitaliquid
1892 992 1962 1068 quod

329 1061 489 1124 humane.
508 1061 594 1140 Ergo
613 1058 666 1119 lex
690 1063 809 1130 aeterna
834 1073 899 1117 non
923 1062 1122 1135 potestesse
1176 1060 1225 1116 est
1247 1061 1359 1120 contra
1387 1063 1582 1138 preceptum
1616 1062 1819 1140 superioris,
1854 1069 1962 1131 scilicet

329 1157 481 1202 mensura
494 1137 670 1202 voluntatis
683 1136 850 1210 humane,
865 1139 901 1196 ut
915 1135 956 1197 ab
970 1133 1010 1198 ed
1025 1137 1122 1198 boni·
1174 1133 1253 1209 Dei,
1269 1135 1361 1218 cujus
1380 1141 1429 1198 esi
1446 1155 1571 1200 summa
1591 1143 1745 1218 potestas.
1760 1143 1856 1223 Ergo
1874 1146 1962 1210 dicia·

327 1223 378 1280 tas
389 1219 458 1299 ejus
470 1217 659 1297 dependeat.
1175 1230 1247 1273 rnen
1268 1216 1403 1277 rationis
1430 1217 1568 1280 errantis
1583 1234 1649 1280 non
1670 1221 1734 1281 obli
1758 1227 1813 1295 at;
1837 1233 1961 1288 nonest

368 1297 398 1357 3.
423 1299 600 1371 Praeterea,
624 1311 776 1358 mensura
801 1292 894 1355 debet
916 1311 987 1355 esse
1010 1293 1121 1357 certis·
1175 1308 1252 1372 ergo
1271 1294 1421 1358 voluntas
1440 1296 1546 1370 mala,
1571 1295 1599 1358 si
1623 1239 1961 1367 discordaremus

328 1375 422 1438 sima.
440 1375 499 1439 Sed
512 1377 565 1440 lex
579 1378 699 1438 aterna
717 1378 766 1436 est
786 1372 877 1434 nobis
894 1373 1015 1452 ignota.
1034 1373 1120 1454 Ergo
1174 1377 1313 1434 errante.

328 1470 394 1515 non
406 1460 511 1533 potest
526 1471 597 1517 esse
618 1457 737 1516 nostrae
754 1453 929 1514 voluntat-is
947 1467 1118 1522 mensura,
1212 1449 1243 1510 3.
1264 1453 1440 1526 Praeterea,
1458 1453 1561 1526 omnis
1575 1454 1725 1519 noluntas
1743 1458 1834 1520 mala
1849 1459 1960 1523 reduci·

327 1538 363 1595 ut
375 1535 417 1595 ab
427 1531 466 1596 ed
480 1535 605 1596 bonitas
620 1531 795 1595 voluntatis
805 1535 923 1592 nostre
930 1529 1117 1608 dependeat.
1172 1531 1227 1590 tur
1235 1528 1276 1590 ad
1284 1531 1427 1610 aliquam
1439 1533 1578 1610 speciem
1590 1534 1730 1597 malitia.
1745 1535 1808 1598 Sed
1819 1540 1960 1602 voluntas

369 1612 429 1674 Sed
452 1618 564 1676 contra
587 1618 634 1674 est
653 1612 739 1690 quod
763 1610 962 1690 Augustinus
986 1609 1061 1671 dicit
1078 1609 1119 1669 *22
1172 1607 1357 1672 discordans
1373 1607 1532 1672 aratione
1549 1617 1678 1674 errante
1693 1631 1758 1675 non
1780 1622 1895 1694 potest
1913 1637 1958 1685 re-

326 1695 439 1754 contra
460 1693 634 1764 Faustum,
658 1707 729 1770 cap.
755 1688 806 1763 27,
828 1689 863 1749 in
907 1687 1010 1758 rinc,
1031 1689 1117 1781 qudd
1172 1686 1244 1748 duci
1264 1688 1304 1751 ad
1323 1689 1467 1767 aliquam
1493 1690 1633 1769 speciem
1654 1693 1813 1756 malitiree
1837 1694 1917 1775 putd
1937 1699 1958 1757 si

325 1706 1118 1911 utulrttaurinense
1171 1767 1395 1908 illustr
1418 1768 1651 1910 censuris
1670 1771 1957 1916 querius-u

328 1867 501 1990 voffintatis
512 1932 560 1989 est
569 1927 661 1990 radix
672 1864 900 2005 peccatiylirgo
910 1920 984 1986 crim
994 1925 1117 1988 malitia
1170 1925 1251 1996 vult,
1268 1925 1307 1985 ad
1318 1891 1440 1986 nullam
1454 1867 1610 1988 malitiam
1623 1868 1732 1991 reduci
1746 1934 1871 2008 potest.
1885 1932 1957 2012 Ergo

326 2007 461 2070 bonitati
487 2011 688 2085 opponatur,
706 2007 832 2066 bonitas
854 2003 1028 2067 voluntatis
1055 2003 1118 2066 de·
1171 2003 1322 2066 voluntas
1347 2003 1534 2067 discordans
1554 2003 1575 2068 a
1595 2005 1721 2070 ratione
1740 2015 1879 2073 errante
1903 2027 1956 2071 non

326 2086 440 2166 pendet
455 2083 555 2164 alege
572 2081 703 2148 aeternd.
1170 2085 1219 2142 est
1231 2083 1326 2146 mala.

371 2165 559 2245 Respondeo
587 2163 756 2226 dicendum
786 2161 872 2241 qudd
900 2161 935 2223 in
963 2161 1114 2224 omnibus
1209 2159 1269 2220 Sed
1296 2165 1431 2234 contra,
1452 2161 1535 2225 sicut
1559 2161 1594 2224 in
1618 2163 1723 2243 primo
1747 2165 1876 2230 dicium
1898 2169 1953 2239 cst,

326 2244 433 2306 causis
457 2243 612 2306 ordinatis
646 2241 777 2304 allectus
830 2241 881 2304 lus
910 2239 1115 2319 dependctd
1171 2245 1284 2317 quest.
1302 2241 1438 2315 'lti‚art.
1460 2241 1516 2314 13,
1544 2244 1742 2307 conscientia
1770 2247 1861 2309 nihil
1880 2244 1955 2308 alind

259 2373 261 2378 .
325 2321 427 2386 causa
449 2321 553 2402 primi
573 2320 671 2400 quam
694 2259 830 2384 accus}
853 2316 1012 2392 secunda,
1037 2320 1115 2398 quia
1170 2323 1219 2379 est
1248 2317 1347 2397 qnam
1380 2319 1553 2399 applicatio
1580 2320 1721 2385 scientia
1749 2325 1792 2387 ad
1823 2327 1953 2405 aliquem

326 2418 425 2464 causa
439 2401 580 2464 secunda
593 2417 658 2462 non
675 2400 740 2480 agii
753 2399 814 2460 nisi
829 2400 861 2461 in
874 2400 993 2460 virtute
1005 2399 1116 2476 primae
1169 2402 1287 2458 actum.
1304 2398 1442 2461 scientia
1458 2405 1567 2462 autem
1580 2401 1614 2460 in
1629 2402 1754 2464 ratione
1766 2409 1831 2465 est.
1845 2405 1953 2466 Volun-

308 2497 442 2542 causae.
461 2480 552 2554 Quor
568 2485 676 2542 autem
692 2479 776 2541 ratio
792 2478 933 2540 humana
947 2477 988 2538 sil
1001 2478 1116 2558 regula
1170 2480 1218 2537 tas
1242 2495 1319 2557 ergo
1344 2477 1529 2540 discordans
1555 2476 1576 2541 a
1603 2479 1729 2543 ratione
1757 2487 1893 2546 errante
1916 2485 1953 2543 est

328 2559 500 2622 voluntatis
530 2558 701 2631 immane,
730 2575 772 2619 ex
798 2553 865 2636 qua
890 2557 959 2637 ejus
990 2557 1115 2617 bonitas
1169 2556 1951 2623 contraconscicntiam.Sedomnistalisvoluntas

325 2643 551 2711 mensuretur,
570 2637 666 2700 lrabet
679 2654 721 2698 ex
735 2633 959 2716 legeeterna,
977 2650 1049 2713 qure
1066 2640 1116 2698 est
1169 2636 1218 2694 est
1236 2635 1339 2706 maiar
1365 2634 1481 2697 dicitur
1498 2635 1583 2696 eninr
1599 2637 1691 2698 Rom.
1710 2637 1760 2712 lt,
1773 2638 1817 2700 23
1836 2659 1845 2700 ι
1870 2640 1952 2702 omer

324 2717 409 2778 ratio
436 2717 562 2790 divina3
589 2715 674 2778 unde
699 2716 733 2776 in
756 2714 839 2778 Psal.
854 2713 891 2786 i,
913 2713 949 2787 6,
971 2713 1112 2776 dicitur:
1169 2710 1254 2791 quod
1275 2722 1406 2774 nonest
1429 2732 1468 2776 ec
1487 2714 1557 2795 fide.
1581 2726 1744 2794 peccatum
1765 2725 1835 2788 est,
1853 2719 1883 2780 id
1896 2723 1949 2788 erl,

325 2795 426 2858 lllutti
440 2795 572 2858 dieunt:
588 2795 668 2870 Quis
683 2793 819 2856 ostendit
830 2791 921 2854 nobie
935 2791 1115 2857 bonoisi-
1169 2807 1264 2852 omne
1289 2792 1376 2870 quod
1397 2798 1446 2856 est
1468 2796 1581 2856 contra
1603 2796 1850 2870 conscientiam.
1879 2798 1950 2875 lirqo

323 2881 453 2954 paetum
466 2882 510 2936 est
522 2891 617 2954 super
627 2891 684 2935 rios
696 2872 800 2934 iumen
808 2872 915 2932 cultris
931 2871 989 2939 tui,
1007 2871 1115 2932 Drmi-

243 2997 245 3000 -
324 2971 362 3014 ue
372 2972 382 3022 ς
397 2955 491 3032 quasi
507 2953 627 3015 diceret
643 2971 651 3012 ε
669 2952 793 3013 Lumen
809 2949 958 3018 rationis,
977 2949 1062 3027 quod
1079 2949 1114 3011 in

324 3031 416 3094 nobis
431 3038 498 3106 est,
516 3031 549 3093 in
568 3035 693 3092 tantum
714 3033 818 3108 potest
837 3027 929 3090 nobis
947 3029 1115 3093 ostendere

324 3111 428 3185 bona,
447 3115 479 3174 et
503 3114 647 3172 nostram
667 3109 868 3170 voluntatem
890 3108 1059 3186 regulare,
1080 3108 1114 3171 in

323 3195 481 3266 quantum
495 3195 542 3250 est
554 3190 662 3249 lumen
677 3187 783 3249 vultus
796 3186 854 3259 lui,
871 3186 900 3246 id
915 3191 975 3262 est,
992 3183 1114 3248 avultu

233 3295 237 3303 ·
324 3271 381 3328 luo
404 3268 594 3330 derivatum.
612 3264 700 3329 Unde
724 3264 930 3327 manifestum
956 3265 1114 3344 estquod

324 3346 427 3409 multd
442 3346 544 3426 magis
555 3345 709 3424 dependet
723 3344 850 3406 bonitas
866 3343 1040 3406 voluntatis
1055 3344 1114 3406 hu·

325 3439 429 3486 nnana
440 3422 462 3488 d
472 3422 669 3505 legereternd
682 3421 781 3503 quam
790 3419 945 3486 aratione
957 3421 1112 3497 humand3

324 3506 356 3563 ei
371 3504 425 3564 ubi
441 3503 699 3566 delicithumana
714 3503 808 3578 ratio,
822 3503 948 3582 oportet
959 3501 998 3563 ad
1015 3502 1114 3564 ralio-

324 3599 397 3644 nem
412 3587 564 3645 eternam
576 3600 754 3644 recurrere.

363 3660 411 3722 ad
425 3662 565 3740 primurn
582 3677 659 3742 ergo
674 3658 843 3722 dicendum
855 3657 941 3752 quod
952 3659 1051 3720 unius
1065 3658 1113 3720 rei

324 3755 388 3800 nou
407 3741 601 3820 sunlplures
615 3755 961 3817 mensureproxrmre3
978 3744 1114 3815 possunt

322 3823 428 3881 tamen
450 3839 521 3883 esse
545 3821 655 3899 piures
680 3835 859 3893 mensurae,
882 3833 1022 3895 quarum
1046 3831 1113 3879 una

323 3899 383 3959 sub
400 3897 465 3960 alid
479 3898 655 3960 ordinetur.

370 3976 416 4037 nd
444 3977 620 4039 secundum
649 3974 818 4038 dicendum
846 3973 935 4053 qudd
959 3990 1113 4038 mensura

322 4054 471 4132 proxima
501 4060 549 4118 est
579 4055 780 4133 homogcnea
813 4054 1016 4129 mensurato,
1047 4070 1112 4115 non

322 4136 430 4194 autem
446 4150 599 4195 mensura
614 4135 749 4194 remota.

362 4210 410 4271 Ad
421 4211 551 4274 tertium
563 4209 729 4273 dicendum
741 4207 827 4289 qudd
839 4207 913 4271 licdt
924 4209 978 4270 lex
993 4212 1113 4273 eterna

322 4289 364 4354 sit
376 4290 468 4352 nohis
484 4291 604 4370 ignota,
619 4285 794 4351 secundina
806 4287 890 4366 quod
903 4292 951 4350 cst
961 4288 993 4350 in
1008 4292 1113 4352 meritc

322 4367 451 4442 divini,
473 4368 646 4431 innotescit
671 4371 778 4428 tamen
807 4366 899 4428 nobis
928 4367 1113 4446 aliqualiter

325 4448 372 4510 vel
387 4465 446 4527 per
458 4447 622 4510 rationem»
632 4445 834 4517 naturalem,
850 4461 923 4523 quae
942 4445 1036 4508 abed
1053 4447 1114 4508 de-

322 4527 447 4590 rivatur
465 4531 501 4590 ui
517 4526 650 4605 propria
669 4525 738 4606 cius
759 4524 886 4603 imago,
906 4525 957 4586 rel
975 4524 1113 4604 perali-

321 4607 450 4686 qualem
467 4607 695 4668 revelationem
709 4602 957 4681 superadditam.

321 4687 503 4749 auricomis
525 4704 556 4748 r.
572 4719 609 4730 —
624 4679 737 4747 Utrdm
756 4683 903 4744 voluutas
924 4681 1110 4745 discordans

360 4764 380 4824 d
395 4765 520 4827 ratione
535 4771 658 4824 errante
678 4762 722 4823 eit
741 4759 835 4822 maio.
847 4793 885 4804 —
898 4759 951 4840 (2,
966 4761 1041 4823 dist.
1056 4761 1108 4836 39,

360 4839 1019 5000 ttlfiirt‘izflstutt‘liieit
1036 4847 1109 4982 it:

359 4999 613 5158 ldi‘tiltlii
630 4997 667 5137 i
685 4997 809 5138 tre
825 4997 984 5157 tutu
997 4997 1109 5138 ‘ili’

439 5121 448 5151 e
587 5121 614 5154 ,·
664 5121 672 5148 r
744 5121 750 5136 ·
808 5120 817 5148 r
977 5120 985 5135 ·
1022 5121 1031 5149 e
1101 5120 1107 5133 ·

361 5155 491 5230 liietlir,
502 5165 530 5218 et
555 5153 1109 5234 nodie,art.15,eorp.,eraom.1t,

361 5235 433 5298 tect.
450 5235 481 5308 S,
499 5243 527 5296 et
535 5174 612 5298 ieet.
627 5233 658 5308 3,
673 5235 742 5316 fin„
758 5241 787 5295 et
798 5221 870 5296 dat.
886 5231 930 5314 5.)

361 5314 407 5375 Ad
418 5316 567 5393 quintum
577 5313 624 5376 sic
636 5313 829 5394 proceditur.
841 5310 1110 5391 evictumque

323 5393 472 5456 voluntas
495 5392 681 5456 discordans
700 5389 864 5455 aratione
892 5396 1021 5456 errante
1044 5407 1110 5451 non

321 5472 362 5532 sit
383 5471 480 5536 mala.
504 5471 597 5534 liatio
620 5471 708 5534 enim
729 5474 778 5533 est
800 5469 910 5550 regula
936 5469 1109 5532 voluntatis

319 5549 481 5625 humana,
497 5551 531 5612 in
545 5555 704 5629 quantum
717 5549 884 5611 derivatur
902 5546 1005 5627 alege
1019 5553 1111 5610 eier-

321 5627 375 5703 ud,
391 5635 425 5692 ut
440 5631 621 5692 dictumest
637 5634 698 5692 art.
715 5645 811 5708 praec.
828 5625 888 5688 Sed
901 5626 985 5690 ratio
997 5643 1110 5688 errans

319 5724 386 5770 non
399 5709 596 5773 derivatura
612 5709 681 5789 lege
696 5705 827 5770 eterna.
855 5705 940 5785 Ergo
956 5705 1039 5766 ratio
1051 5723 1111 5766 er-

321 5795 396 5850 rans
411 5795 537 5850 nonest
551 5787 664 5863 tepula
677 5783 851 5849 voluntatis
866 5784 1013 5848 humane
1025 5803 1033 5854 ς
1046 5801 1109 5844 non

1168 2870 1318 3008 nolfntas
1346 2871 1533 2934 discordans
1559 2869 1729 2937 aratione
1754 2881 1888 2940 errante
1913 2877 1951 2937 est

1168 2965 1264 3012 maa.

1217 3029 1406 3108 Respondeo
1423 3029 1592 3094 dicendum
1605 3030 1691 3109 qudd
1706 3029 1780 3093 crim
1792 3035 1950 3097 conscien-

1169 3106 1213 3168 tia
1233 3108 1276 3168 sit
1295 3109 1533 3186 quodammodo
1551 3109 1710 3172 dictamen
1730 3113 1886 3186 rationis,
1910 3113 1948 3172 est

1168 3185 1254 3247 enim
1272 3187 1417 3266 quedam
1439 3189 1611 3268 applicatio
1627 3189 1767 3253 scicntia
1780 3192 1823 3254 ad
1841 3195 1946 3260 actum,

1167 3270 1204 3325 ut
1219 3264 1252 3324 in
1277 3267 1381 3344 primo
1396 3266 1597 3340 dictumest,
1622 3269 1684 3330 loc.
1700 3285 1773 3348 sup.
1790 3272 1862 3344 cit.‚
1878 3269 1947 3330 idem

1168 3346 1217 3404 est
1227 3360 1373 3422 querere
1386 3344 1493 3416 utrum
1505 3345 1651 3408 voluutas
1666 3345 1856 3410 discordans
1870 3347 1888 3408 d
1901 3365 1947 3407 re-

1168 3421 1253 3483 tione
1267 3431 1390 3498 urente
1404 3425 1446 3486 sit
1459 3423 1560 3492 mola,
1583 3424 1670 3503 quod
1687 3443 1836 3505 quaerere
1856 3423 1947 3488 utrdn

1168 3501 1479 3564 conscientiamque
1492 3502 1618 3582 obticet.

1206 3578 1298 3642 Circa
1311 3581 1396 3658 quod
1413 3583 1514 3660 aliqui
1530 3582 1748 3645 distinxerunt
1761 3583 1827 3648 tria
1840 3595 1946 3665 genem

1167 3661 1308 3720 actuum.
1322 3659 1456 3733 Quidam
1476 3662 1562 3722 enim
1575 3667 1651 3723 sunt
1665 3663 1741 3724 boni
1756 3681 1798 3724 cx
1818 3678 1945 3745 generet

1167 3736 1299 3814 quidam
1312 3743 1387 3799 sunt
1398 3738 1613 3802 indifferentes
1624 3762 1632 3812 3
1643 3741 1779 3879 (quidam
1793 3747 1872 3803 sunt
1882 3737 1945 3802 maii

1167 3831 1209 3876 ex
1219 3833 1347 3895 genere.
1360 3817 1478 3879 Dicunt
1488 3836 1565 3898 ergo
1575 3819 1641 3897 qud
1673 3820 1701 3881 si
1712 3821 1795 3884 ratio
1809 3821 1862 3884 rel
1875 3835 1945 3881 con-

1167 3895 1300 3956 scientia
1311 3895 1395 3958 dicat
1411 3897 1531 3975 aliquid
1544 3915 1614 3960 esse
1628 3898 1808 3961 iaciendum
1819 3895 1944 3979 quodsit

1167 3973 1288 4034 bonum
1302 3991 1343 4036 ex
1358 3992 1417 4036 suo
1432 3993 1561 4055 genere,
1576 3993 1642 4037 non
1657 3982 1706 4040 esi
1722 3979 1765 4039 ibi
1783 3995 1895 4049 err0r;
1911 3973 1944 4034 si·

1166 4053 1283 4114 militer
1297 4053 1324 4114 si
1339 4051 1423 4115 dicat
1441 4054 1563 4132 aliquid
1587 4071 1653 4116 non
1678 4074 1749 4120 esse
1773 4054 1943 4120 laciendum

1166 4130 1253 4208 quod
1265 4136 1314 4195 est
1328 4131 1449 4193 malum
1462 4150 1503 4194 ex
1516 4151 1575 4195 suo
1590 4151 1725 4214 generor
1741 4133 1855 4198 eadem
1868 4133 1942 4196 eninr

1165 4209 1290 4272 ratione
1308 4211 1538 4290 precipiantur
1558 4213 1644 4275 bona
1662 4211 1729 4293 qua
1742 4214 1944 4293 prohihentur

1165 4290 1263 4350 mala.
1278 4288 1338 4351 Sed
1354 4289 1380 4350 si
1394 4290 1477 4352 ratio
1488 4289 1539 4352 vel
1552 4292 1748 4356 conscientia
1762 4293 1848 4356 dicat
1859 4285 1943 4354 alicui

1166 4366 1251 4444 quod
1261 4368 1317 4430 illa
1355 4383 1405 4430 uu
1418 4373 1494 4430 sunt
1509 4367 1685 4432 sccundirm
1702 4371 1943 4444 camaranum

1164 4448 1313 4507 teneatur
1331 4385 1441 4508 ‘iacere
1463 4465 1506 4509 cx
1528 4453 1708 4527 praecepto,
1725 4449 1776 4512 vel
1796 4448 1882 4527 qudd
1896 4445 1942 4536 illa

1164 4539 1237 4601 quea
1257 4529 1332 4586 sunt
1359 4523 1535 4587 secundum
1562 4544 1598 4589 se
1620 4529 1724 4602 bona,
1747 4527 1812 4590 sint
1838 4525 1941 4608 prohi-

1165 4603 1252 4676 bita,
1277 4605 1338 4666 erit
1358 4605 1442 4666 ratio
1466 4606 1518 4668 vel
1544 4606 1741 4669 conscientia
1762 4625 1874 4670 errans
1886 4625 1894 4678 ;
1917 4605 1941 4662 ei

1165 4681 1311 4748 similiter
1325 4682 1352 4744 si
1374 4683 1457 4751 ratio
1472 4685 1522 4746 vel
1537 4684 1733 4748 conscientia
1750 4685 1835 4748 dicat
1855 4679 1939 4746 alicui

1164 4760 1249 4838 quod
1271 4760 1303 4821 id
1319 4759 1406 4841 quod
1429 4765 1478 4823 cst
1499 4762 1674 4825 secundum
1696 4782 1731 4826 se
1749 4762 1939 4828 indifferens,

1163 4841 1200 4899 ut
1213 4839 1321 4902 levare
1343 4839 1497 4903 festucam
1521 4841 1560 4904 de
1574 4839 1681 4918 terra,
1696 4843 1738 4904 sil
1756 4842 1940 4922 prohibitum

1165 4917 1217 4978 vel
1241 4924 1454 4999 preceptum,
1480 4919 1541 4982 erit
1565 4919 1649 4982 ratio
1678 4921 1729 4985 rel
1755 4915 1940 4985 conscicntia

1164 5013 1290 5059 errans.

1203 5075 1320 5138 Dicunt
1331 5093 1408 5155 ergo
1424 5076 1510 5154 qudd
1523 5076 1607 5139 ratio
1621 5077 1672 5140 vel
1688 5077 1880 5140 conscientia
1891 5089 1938 5136 er-

1164 5171 1240 5216 rans
1267 5156 1352 5218 circa
1383 5154 1618 5230 indifferentia,
1646 5157 1713 5218 sive
1738 5151 1938 5236 precipiendo

1165 5237 1232 5294 sive
1246 5233 1445 5312 prohibendo
1460 5279 1468 5309 ,
1483 5234 1623 5315 obligat;
1641 5237 1686 5297 ita
1700 5233 1786 5312 qudd
1800 5235 1937 5297 voluntas

1164 5311 1349 5374 discordans
1365 5310 1385 5375 a
1401 5313 1455 5376 tali
1479 5313 1605 5376 ratione
1624 5318 1751 5376 errante
1764 5314 1825 5374 erit
1843 5310 1936 5374 mala·

1157 5394 1196 5451 et
1209 5396 1388 5470 peccatum.
1403 5391 1462 5453 Sed
1473 5393 1555 5455 ratio
1568 5393 1617 5454 vel
1629 5393 1827 5456 conscientia
1837 5400 1937 5453 emaus

1164 5469 1259 5547 praeci
1285 5469 1378 5530 iendo
1395 5486 1434 5532 ea
1456 5489 1529 5550 qua
1550 5479 1626 5534 sunt
1648 5489 1706 5550 per
1725 5488 1761 5534 se
1781 5471 1882 5542 mala,
1895 5459 1937 5526 rel

1164 5488 1364 5626 proeliando
1379 5565 1416 5610 ea
1430 5555 1591 5628 quaesunt
1611 5566 1669 5631 per
1690 5567 1725 5612 ee
1742 5551 1827 5612 bona
1843 5553 1874 5612 et
1884 5561 1938 5606 ne-

1164 5627 1307 5690 cessaria
1319 5627 1358 5689 ad
1372 5628 1520 5702 salutem,
1535 5646 1600 5690 non
1610 5629 1749 5708 obligat;
1762 5627 1846 5690 unde
1857 5628 1886 5688 in
1898 5627 1935 5681 tr·

1163 5704 1248 5766 libus
1264 5706 1413 5768 voluntas
1431 5705 1616 5770 discordans
1635 5704 1796 5772 aratione
1811 5707 1860 5770 vel
1872 5715 1935 5766 con·

1165 5783 1298 5846 scientia
1311 5789 1440 5846 errante
1457 5803 1522 5848 non
1536 5791 1585 5849 est
1598 5787 1693 5848 mala.
