4038 6350
160 377 215 434 tid
440 374 572 444 obest.
592 375 647 430 Gli.
666 373 709 432 DE
724 371 1017 432 manumittunt
1035 369 1299 430 PllAECEPTORUM
1312 359 1444 422 (ΜΒΝ.
1729 361 1782 420 ⁸„

201 487 261 550 Sed
282 490 395 552 contra
418 495 468 552 est
494 487 580 567 quod
604 488 720 550 dicitnr
734 489 810 552 Les.
827 486 878 560 ao,
900 486 943 550 8:
997 481 1148 566 quiddam
1162 479 1524 559 nonsolidatnm3nndo
1538 479 1785 543 etiamnerani·

165 567 235 647 Ego
249 585 316 629 snm
330 567 495 637 Domimes,
510 569 565 648 qui
577 569 738 649 sanctifico
762 583 828 628 eos.
852 566 911 628 Sed
926 566 946 629 a
998 565 1097 627 maiia
1107 563 1324 628 offerebantur
1337 569 1413 626 ants
1428 568 1577 626 octavum
1598 565 1694 630 diem.
1714 554 1786 616 '¹¹⁰⁶

162 647 226 708 beo
240 646 320 707 nibil
329 644 589 718 sincrationstit3
598 646 715 708 dicitur
726 647 811 707 enim
822 639 943 706 inPial.
999 643 1077 705 verb
1091 659 1156 704 uon
1170 643 1271 723 magis
1285 643 1484 710 tardabatur.
1496 660 1536 705 ne
1546 649 1677 736 propter
1686 642 1785 704 dolo-

163 723 232 796 103,
247 722 286 784 ii
300 743 308 784 ε
323 723 437 786 Omnia
449 725 486 786 in
510 723 666 804 supientia
678 723 793 805 ferini.
809 724 893 802 Ergo
911 723 944 782 in
997 737 1066 782 rem
1079 721 1180 800 aliqui
1190 719 1784 802 signumcircumcisionssreiugerent,

160 804 369 867 sacramentis
384 803 499 866 veteris
516 803 608 884 legis,
625 819 698 881 qun
712 801 945 863 ordinabantur
997 806 1031 860 et
1041 817 1081 860 ne
1093 805 1243 878 parentes
1253 800 1361 874 etiam,
1376 817 1515 878 quorum
1530 815 1623 862 amor
1634 799 1787 862 increscit

159 879 201 944 ad
215 881 382 942 bominum
396 881 781 954 sanctificationemnibil
793 880 945 942 ernisius
997 878 1037 939 ad
1052 877 1146 951 lilios,
1161 883 1235 957 pest
1246 878 1444 956 frequentem
1456 878 1745 950 conversationem,
1754 887 1786 938 et

160 959 343 1021 rationabili
359 958 470 1022 causa.
996 974 1110 1018 eorum
1125 961 1352 1038 angmentum,
1367 973 1425 1019 eos
1447 955 1685 1019 circumcisioni
1704 957 1786 1017 snb-
1832 987 1837 1004 .

199 1037 567 1116 llespondeodicendnm
580 1035 678 1118 qnod,
693 1035 777 1098 sicut
790 1050 888 1115 supra
898 1035 945 1096 di·
997 1033 1173 1097 traherent.
1191 1033 1337 1098 Secunda
1349 1035 1435 1097 ratio
1447 1053 1518 1098 esse
1530 1034 1682 1114 potuitad
1697 1034 1785 1095 debi-

157 1117 249 1178 ctum
262 1119 320 1186 est,
336 1133 392 1254 qn.
411 1117 550 1190 libari.
560 1115 801 1188 honoramenta
815 1113 944 1193 proprii
996 1112 1173 1176 litationem
1199 1113 1467 1208 concupiscentis
1491 1115 1524 1175 in
1550 1114 1695 1175 membro
1716 1113 1783 1174 illo.

156 1192 311 1256 dicuutur
324 1195 346 1254 il
361 1210 466 1273 nque
486 1195 721 1257 adhibebantur
733 1193 791 1256 Dei
810 1193 946 1256 cultori-
996 1192 1103 1254 Tertia
1117 1192 1201 1255 ratio
1226 1194 1275 1254 est
1297 1209 1331 1254 rn
1356 1193 1593 1272 sugillationem
1618 1207 1785 1252 sacrorum

157 1271 273 1334 busad
309 1271 458 1336 uamdarn
471 1273 756 1342 enumerationem,
771 1288 830 1350 per
844 1288 944 1350 quam
997 1270 1131 1332 Veneris
1146 1278 1178 1333 et
1192 1270 1310 1350 Priapi,
1328 1271 1360 1332 in
1371 1271 1491 1349 quibus
1505 1271 1560 1333 illa
1575 1287 1650 1348 pars
1664 1285 1786 1348 corpo-

156 1289 944 1430 eeittoetheputobamurquodammodoadcultum
998 1349 1043 1409 ris
1071 1350 1303 1412 honorabatur.
1323 1349 1479 1412 Dominus
1497 1353 1606 1412 antem
1623 1365 1688 1409 non
1707 1365 1786 1426 pro-

155 1427 229 1490 bei.
243 1427 354 1492 Cultus
368 1433 475 1492 autem
487 1431 543 1492 Dei
560 1429 702 1510 generali
712 1429 840 1507 quidem
850 1427 944 1488 modo
996 1425 1100 1488 hibuit
1112 1427 1175 1489 nisi
1187 1428 1376 1490 incisionem
1388 1445 1461 1506 qum
1475 1429 1508 1490 in
1524 1429 1611 1490 cultu
1626 1427 1785 1488 idolorum

156 1507 342 1584 pertinebat
355 1508 395 1570 ad
420 1512 524 1570 toturn
535 1509 706 1588 populum,
731 1507 786 1570 sad
813 1506 945 1584 metali
996 1503 1110 1580 tiebat,
1124 1507 1177 1568 cui
1190 1523 1258 1568 non
1269 1513 1339 1569 erat
1354 1506 1468 1570 similis
1480 1505 1632 1586 predicta
1646 1508 1785 1567 circum·

155 1583 254 1646 modo
267 1585 446 1664 pertinebat
458 1587 498 1648 ad
508 1588 689 1650 sacerdotes
699 1589 731 1648 et
741 1585 943 1662 bovitas,qui
995 1583 1086 1646 cisio.
1423 1636 1425 1640 ,

155 1667 253 1726 eraut
268 1665 405 1727 ministri
429 1664 534 1728 cnltds
549 1665 661 1726 divini.
674 1665 713 1726 Et
735 1663 807 1726 ideo
826 1663 942 1726 inistis
1036 1661 1196 1742 Fignrulis
1220 1662 1298 1725 verb
1319 1663 1403 1725 ratio
1425 1662 1680 1726 circumcisionis
1693 1665 1783 1736 erni,

155 1744 497 1806 sacramentisveteris
521 1742 600 1824 legis
623 1743 770 1824 quasdam
797 1742 945 1820 pertine-
995 1741 1073 1820 qnia
1095 1741 1296 1822 figurabatur
1312 1743 1431 1804 ablatio
1445 1743 1663 1822 corruptionis
1680 1740 1787 1804 fienda

155 1819 238 1882 bant
251 1821 463 1884 communiter
478 1823 517 1885 ad
532 1828 634 1884 totum
652 1821 826 1914 populum,
848 1837 945 1898 qnoe-
995 1837 1055 1898 per
1068 1819 1248 1894 Christum,
1264 1838 1337 1898 quar
1360 1820 1497 1900 perlecti
1522 1821 1734 1901 complebitur
1752 1821 1786 1882 ln

154 1897 233 1960 dam
250 1905 357 1962 autem
371 1901 552 1979 specialiter
565 1901 604 1964 ad
619 1900 793 1962 ministros.
805 1899 845 1962 lit
858 1899 944 1962 cirea
996 1898 1111 1961 octava
1122 1903 1225 1972 mute,
1240 1915 1314 1978 qua
1328 1906 1377 1962 est
1390 1905 1467 1964 etas
1481 1901 1730 1979 resurgentium.
1747 1899 1788 1964 Et

154 1981 315 2056 utrosque
326 1977 389 2043 tria
405 1983 497 2042 erant
510 1980 705 2043 necessaria.
718 1979 863 2054 Quorum
875 1977 945 2056 pri-
996 1978 1073 2054 qnia
1088 1977 1192 2039 omnis
1204 1979 1368 2057 corruptio
1378 1977 1787 2058 cnlpmetpoenmprovenil

154 2073 248 2116 mum
261 2059 310 2118 est
322 2057 479 2120 institutio
492 2059 525 2119 in
542 2065 626 2122 statu
643 2057 767 2120 colendi
780 2057 945 2126 Deumset
996 2056 1030 2116 iu
1055 2073 1114 2118 nos
1136 2074 1194 2134 per
1216 2058 1382 2120 carnalem
1404 2058 1563 2138 originem
1589 2075 1631 2120 ex
1696 2064 1786 2120 cralo

154 2132 230 2196 boc
242 2134 370 2212 quidem
386 2136 543 2200 institutio
557 2137 767 2200 communiter
787 2132 945 2214 quantiam
996 2135 1091 2213 primi
1102 2135 1258 2214 parentis,
1270 2135 1341 2198 ideo
1352 2137 1425 2198 talis
1433 2136 1635 2199 circumcisio
1667 2133 1784 2198 ebatin

152 2211 201 2274 ad
226 2229 337 2276 omnes
361 2213 457 2278 tiebat
505 2233 541 2278 er
570 2215 857 2285 circumcisionem,
875 2213 946 2276 sine
996 2215 1391 2294 membrogenerationis3
1413 2215 1498 2277 unde
1524 2215 1787 2293 Apostolusdicit

154 2288 226 2368 qud
237 2233 625 2357 nullusadmittessaturud
636 2293 759 2370 aliquid
771 2292 942 2372 legalium
997 2293 1037 2353 ad
1052 2292 1175 2354 Goloss.
1190 2295 1221 2365 a,
1241 2294 1276 2354 11
1293 2313 1302 2354 ε
1319 2293 1507 2357 Circnmeiri
1523 2293 1596 2356 estis
1608 2294 1643 2356 in
1656 2293 1785 2356 Christo

154 2367 318 2446 quantum
331 2371 408 2433 verb
421 2372 461 2434 ad
473 2374 666 2445 sacerdotes,
677 2390 736 2451 per
745 2372 946 2434 sacerdotum
998 2369 1235 2434 circmcisione
1248 2389 1314 2433 non
1326 2391 1420 2434 omno
1430 2374 1515 2466 foetet
1525 2374 1560 2433 in
1574 2371 1788 2452 expoliatione

154 2451 445 2512 consecrationem.
461 2449 606 2514 &cundo
626 2451 853 2530 requirebatur
865 2467 945 2511 usos
998 2451 1143 2529 eorporis
1158 2451 1275 2518 cornis.
1293 2451 1345 2513 scd
1358 2451 1394 2514 in
1406 2451 1645 2515 curcumcisione
1658 2451 1788 2516 Dnndni

154 2543 273 2587 eorum
285 2545 359 2606 ques
370 2531 532 2607 pertinent
546 2531 586 2592 ad
599 2529 743 2592 divinum
757 2529 878 2591 cultum
894 2531 947 2590 :et
997 2528 1191 2591 norotlne
1204 2528 1336 2592 Christi.

152 2603 375 2688 unquentum
389 2607 430 2672 ad
443 2608 598 2688 populum
608 2613 678 2671 erat
689 2627 763 2672 esus
784 2606 945 2687 paschalis
1038 2605 1085 2668 Ad
1097 2607 1273 2669 secundnm
1282 2606 1787 2687 dicendumquddliiteralisratio

150 2688 309 2762 oonrivii,
323 2689 363 2750 ad
380 2705 483 2769 quem
503 2687 867 2750 nullusinctrcumcisus
891 2683 946 2748 nd-
998 2685 1137 2749 convivii
1150 2686 1310 2766 paschalis
1331 2686 1431 2749 initio
1448 2689 1787 2751 commemorationem

151 2767 354 2840 mittebatur,
367 2769 509 2846 ntpatet
524 2763 944 2844 amulaetquamumao
998 2763 1149 2826 benetimi·
1170 2782 1238 2904 zuo
1267 2767 1354 2828 Deus
1381 2766 1495 2828 eduxit
1505 2783 1562 2828 eos
1576 2765 1615 2829 de
1628 2766 1784 2848 Aigyptos

151 2845 339 2912 sacerdotes
347 2845 470 2909 oblatio
484 2843 697 2918 victimarum,
707 2850 739 2906 et
745 2862 819 2908 esus
826 2859 946 2923 panum
999 2843 1084 2905 unde
1097 2860 1155 2922 per

150 2923 948 3080 tacitatacitaattitulati}
1000 2921 1788 3082 ⁹iititil‘silttltiitlltt”aiiii

151 3081 293 3143 remotio
308 3099 420 3143 eorum
432 3021 571 3161 pgrqua
584 3081 949 3158 aliquiimpediebantnr
1050 3080 1134 3142 ando
1153 3081 1238 3142 enim
1264 3079 1396 3144 inerunt
1417 3099 1458 3144 ex
1481 3081 1619 3162 AEgypto
1639 3021 1785 3155 Ιίεξῖτεῑί,

152 3157 410 3234 ὲειιίῑιιᾱίνίιιο,
421 3159 842 3233 scilicetimmunditiarum3
856 3163 887 3222 et
900 3158 948 3221 sic
998 3165 1192 3238 preceptum
1203 3163 1251 3221 est
1263 3161 1309 3224 eis
1326 3165 1364 3223 ut
1386 3160 1545 3240 sanguine
1565 3161 1639 3242 agni
1656 3161 1789 3224 linirent

1201 2843 1360 2924 ujusmodi
1384 2845 1526 2908 convivii
1538 2845 1787 2908 celebrationem

183 3236 318 3300 nautum
335 3239 375 3302 ad
389 3239 546 3319 populum
560 3243 657 3302 erant
673 3238 826 3299 instituta
851 3253 949 3316 qnas-
1000 3237 1261 3316 superliminaria
1274 3239 1454 3313 domorum,
1464 3239 1563 3319 quasi-
1570 3243 1786 3318 protestantes

151 3256 717 3396 anm-puribeationesdquibusdam
729 3316 946 3378 exterioribus
1000 3333 1036 3379 se
1049 3318 1199 3382 recedere
1218 3315 1366 3381 dritibns
1381 3317 1441 3410 AEg
1463 3319 1615 3397 pilorum,
1633 3319 1689 3398 qui
1704 3319 1788 3382 arie·

153 3395 379 3470 immunditiis,
391 3393 531 3457 etetiam
546 3392 945 3475 expiationesdpeeeatis3
1000 3402 1063 3459 tem
1078 3397 1247 3472 colebaris
1265 3401 1297 3458 et
1321 3397 1439 3460 undele
1481 3399 1541 3460 rati
1553 3401 1629 3458 sunt
1641 3414 1788 3478 persan-

153 3472 318 3551 quantum
332 3475 410 3537 rard
423 3473 464 3537 nd
478 3475 658 3536 sacerdotes
672 3477 705 3536 et
725 3474 851 3536 Levites
878 3478 948 3538 erat
1000 3475 1107 3555 guinis
1120 3476 1195 3556 agni
1207 3477 1448 3556 aspersionem,
1470 3477 1521 3539 vel
1549 3477 1728 3538 linitionem
1752 3477 1786 3540 in
1841 3535 1847 3546 ‚

155 3552 307 3615 instituta
320 3553 444 3616 ablutio
459 3555 657 3618 mauunmet
672 3553 802 3637 pedum,
816 3557 847 3616 et
860 3553 948 3617 rasio
1000 3553 1146 3632 postibus
1170 3555 1356 3631 domorum,
1373 3554 1392 3619 d
1413 3555 1556 3633 periculo
1586 3556 1786 3632 exterminii,

156 3631 313 3709 pilorum.
999 3632 1087 3711 quod
1116 3633 1304 3696 imminebat
1330 3635 1499 3714 AEgypdis.
1520 3633 1558 3696 lu
1591 3633 1647 3696 illo
1677 3639 1787 3696 autem

201 3709 240 3769 Et
254 3709 320 3772 brec
335 3710 446 3774 omnia
465 3710 628 3772 habebant
640 3711 848 3772 rationabiles
863 3725 948 3771 can-
1000 3712 1091 3772 exitu
1105 3728 1216 3774 eornm
1231 3713 1270 3773 de
1282 3713 1419 3851 AEgypto
1433 3712 1497 3774 dno
1512 3711 1653 3785 inerunt,
1666 3714 1789 3776 scilieet

159 3803 217 3848 sas
230 3786 440 3862 etlitterales,
462 3787 638 3852 secundum
651 3788 736 3868 quod
749 3789 949 3851 ordinaban·
1001 3788 1187 3852 iestinantia
1196 3791 1235 3852 ad
1244 3809 1319 3871 egre
1342 3791 1469 3853 rendum
1479 3811 1486 3862 ς
1498 3789 1693 3871 impellebant
1706 3793 1788 3856 enim

158 3871 217 3926 tur
238 3866 410 3928 adcnltnm
424 3867 555 3945 Dcipro
570 3866 948 3947 temporoill0,ettlgn-
1001 3869 1106 3930 eosAE
1171 3869 1219 3937 tii,
1240 3871 1412 3930 seruirent
1432 3870 1789 3938 velociter,utbabetur

159 3944 259 4019 rates,
270 3943 445 4007 meandum
461 3945 546 4024 qubd
560 3947 795 4010 ordinabantur
810 3945 849 4007 ad
864 3945 949 4027 tigu-
1002 3947 1102 4008 arod.
1117 3949 1132 4008 1
1158 3947 1222 4020 ,33.
1236 3949 1489 4028 lmminebatqne
1502 3949 1680 4088 pericnlum
1691 3950 1718 4010 ei
1729 3949 1787 4028 qni

159 4023 301 4084 randum
320 4022 505 4099 Christum,
531 4029 569 4086 ut
592 4027 713 4104 patebit
739 4042 797 4108 per
819 4025 948 4106 singula
1001 4043 1067 4087 non
1082 4025 1347 4089 iestinaretexire
1363 4045 1436 4088 eum
1452 4046 1506 4089 mu
1520 4027 1666 4100 titudine,
1684 4047 1723 4092 ne
1736 4045 1789 4090 re-

157 4101 364 4164 discurrenti.
1000 4121 1135 4168 manens
1147 4105 1344 4168 occideretur
1356 4108 1398 4169 ab
1410 4105 1788 4198 AEgpptiis.l*'estinantia

202 4180 248 4240 Ad
257 4179 896 4261 primum-ergodicendumqubdlitteralis
904 4199 941 4246 ra
1000 4188 1109 4246 numm
1122 4184 1352 4264 designabatur
1376 4184 1556 4264 dupliciter.
1574 4186 1644 4249 Uno
1657 4185 1788 4265 quidem

160 4258 209 4318 tio
225 4259 477 4322 circumcisionis
495 4261 682 4340 principalis
693 4263 821 4341 quidem
837 4261 948 4325 initacl
1001 4262 1095 4324 modo
1117 4281 1176 4342 per
1201 4281 1239 4326 ea
1263 4281 1337 4342 qua
1356 4264 1579 4339 comedebam
1593 4271 1788 4345 praereptum

186 4338 424 4401 retestationenr
435 4339 507 4401 iidei
518 4341 614 4402 nnius
629 4341 697 4401 Dei.
714 4341 752 4401 Et
760 4342 837 4419 quia
849 4343 949 4402 libra·
1001 4341 1087 4403 enim
1108 4345 1154 4404 eis
1172 4350 1241 4404 erat
1255 4342 1341 4436 quod
1365 4343 1567 4406 comederent
1589 4361 1689 4422 panes
1704 4363 1788 4426 any-

159 4355 239 4508 Ram
250 4415 311 4478 init
323 4417 446 4496 primus
457 4417 512 4497 qui
525 4435 559 4480 se
572 4421 613 4481 ab
626 4419 805 4482 infidelibus
815 4435 950 4497 separa·
1001 4437 1070 4482 mos
1086 4421 1120 4482 in
1138 4422 1235 4501 hujus
1250 4439 1377 4562 signnm
1391 4423 1476 4500 quod
1491 4441 1557 4484 non
1564 4431 1713 4502 poterant
1725 4425 1788 4504 fer-

164 4499 227 4567 vst,
244 4495 351 4556 eniens
364 4495 401 4558 de
414 4495 503 4558 dorne
516 4499 583 4566 mdc
602 4497 946 4577 etdseognntionesud‚
999 4501 1144 4570 mentori,
1157 4501 1279 4578 cogenti
1300 4519 1336 4560 us
1347 4501 1433 4562 entre
1453 4501 1634 4582 AEqutiiss
1651 4507 1683 4562 ot
1701 4501 1788 4582 qndd

162 4572 314 4652 idedipse
327 4573 450 4653 primus
474 4575 748 4639 circumcisionem
762 4577 901 4653 accepit3
918 4582 950 4638 et
1002 4577 1191 4639 comederent
1203 4579 1326 4640 assumi
1347 4579 1396 4646 ni:
1408 4578 1454 4640 sic
1465 4581 1551 4641 enirn
1559 4577 1699 4642 retortus
1708 4597 1789 4660 prs)-

164 4653 248 4714 banc
264 4669 395 4716 causam
409 4653 552 4746 assignat
565 4655 737 4734 Apostolus
761 4654 801 4718 ad
815 4656 905 4716 Rom.
917 4653 948 4728 b,
1001 4657 1188 4734 parabatur,
1204 4662 1236 4717 et
1248 4655 1314 4734 qud
1350 4674 1384 4719 os
1409 4675 1474 4718 non
1493 4657 1733 4720 comminuerent
1748 4677 1788 4721 ess

164 4731 201 4791 11
215 4749 223 4789 :
238 4729 371 4808 stenen
384 4740 503 4825 occepit
517 4732 777 4803 circumcisionis,
798 4734 951 4812 n’pnacn-
1002 4752 1048 4802 eo.
1064 4734 1142 4813 quia
1158 4735 1192 4795 in
1207 4733 1390 4796 festinantia
1416 4751 1487 4797 non
1497 4740 1590 4798 vacat
1604 4753 1678 4800 ossa
1692 4736 1789 4800 iran-

164 4806 369 4888 lnmjnstitioe
387 4809 469 4890 fides,
489 4828 557 4890 qno
571 4820 614 4872 est
628 4812 663 4875 in
681 4814 853 4892 preputio:
872 4813 950 4890 quia
1002 4813 1279 4893 gerahliomodo
1299 4813 1457 4892 quantum
1479 4814 1518 4876 ud
1543 4815 1671 4876 modum
1696 4835 1789 4879 eom-

163 4885 286 4982 quilicet
295 4887 328 4948 in
339 4888 402 4981 hoe
411 4888 747 4984 legiturABrnltofldes
756 4891 951 4984 repntoteod
1002 4891 1786 4986 edendi3dicitnrenimflienesoestrosnecingetis.

161 4973 693 5124 tillidi-iittitttit
706 4969 948 5128 :taetitia
1002 4969 1568 5119 tamitilltt‘ttnttb
1585 4973 1789 5134 iiiiii}

162 5130 202 5184 est
217 5125 303 5204 ptest
317 5131 410 5202 puter
420 5123 590 5188 multarum
602 5128 757 5206 gentium,
784 5125 857 5189 erim
881 5127 950 5205 ipse
1001 5127 1088 5207 quod
1101 5127 1267 5192 manifesti
1281 5129 1427 5209 designat
1441 5129 1587 5193 homines
1611 5131 1787 5195 existentes

163 5203 250 5263 esset
261 5218 374 5273 senex,
392 5207 426 5264 ei
437 5220 590 5267 unorsua
605 5209 690 5267 esset
702 5219 797 5279 auus,
812 5210 844 5269 et
858 5207 951 5270 steri·
1002 5207 1034 5267 in
1056 5213 1205 5287 promptu
1219 5208 1354 5270 itineris.
1370 5207 1418 5270 td
1437 5209 1520 5271 idem
1534 5211 1630 5274 etiam
1648 5211 1789 5291 partinet

162 5277 216 5342 iis.
230 5279 270 5339 Et
294 5283 332 5340 ut
357 5281 425 5344 haec
446 5285 633 5360 protestatio
660 5287 692 5345 et
715 5283 851 5346 imitatio
876 5285 954 5347 lidei
999 5285 1146 5364 quodeis
1164 5281 1257 5365 prasci
1282 5287 1347 5348 itur
1362 5306 1370 5347 ε
1384 5287 1597 5352 Inunddomo
1613 5289 1785 5357 comedetis.

162 5357 302 5422 serane
327 5358 509 5423 bmmemr
529 5361 563 5423 iu
585 5362 733 5424 cordibus
747 5361 952 5437 iudeorum,
1001 5364 1237 5446 neqneefferetis
1270 5365 1790 5448 ecmibmeJmsorcequtnsciti·

163 5440 358 5516 acceperunt
372 5440 500 5518 signum
514 5441 546 5500 in
562 5457 658 5503 earne
672 5439 744 5513 sud,
760 5440 851 5521 cujus
868 5443 950 5505 obli·
1001 5447 1053 5504 eet
1063 5444 1419 5523 propteriestiuaatiam
1429 5463 1494 5507 nou
1504 5449 1639 5509 vacabat
1650 5447 1786 5508 invicem

162 5515 242 5577 risui
257 5518 946 5595 nonpossent3nndedicitanenes.1'1,13=
1001 5522 1125 5584 mittere
1138 5524 1245 5586 xenia.
1255 5523 1443 5586 amaritudo
1458 5528 1577 5600 autem,
1589 5540 1686 5603 qnam
1700 5525 1798 5604 passi,

162 5593 242 5655 Erit
259 5607 385 5674 parturn
396 5613 495 5658 merem
506 5597 542 5662 in
558 5617 650 5661 cerne
675 5599 776 5660 oestrd
795 5600 830 5662 in
850 5600 949 5684 sudus
1000 5598 1129 5663 inerant
1144 5601 1177 5662 in
1196 5602 1344 5685 AEgypto,
1359 5601 1601 5685 significabatur
1612 5619 1670 5682 per
1683 5603 1786 5666 luetu-

161 5680 322 5735 oeternnm.
337 5673 417 5738 lded.
434 5679 542 5739 autem
556 5676 653 5741 tiebat
666 5675 782 5741 octava
794 5677 856 5752 die,
870 5677 949 5758 qnia
1001 5696 1052 5740 ens
1068 5687 1213 5759 agrestes.

161 5757 258 5814 autea
273 5768 355 5831 puer
365 5759 414 5816 est
433 5753 526 5818 valde
547 5757 700 5827 tenellus,
722 5760 754 5819 et
820 5764 886 5820 sset
907 5775 948 5819 ex
1041 5757 1419 5838 Figuralisantcmratio
1437 5763 1544 5854 patet,
1581 5765 1785 5846 uiaperim-

161 5827 224 5892 hoc
242 5831 381 5911 gratiter
396 5833 484 5912 ledi,
508 5838 540 5900 et
553 5840 721 5917 reputatur
735 5774 840 5902 suffic
853 5846 947 5910 qnasi
1003 5837 1208 5903 metationem
1221 5838 1296 5920 ugni
1310 5841 1469 5919 paschalis
1479 5781 1720 5923 signiicabutur
1727 5845 1785 5910 im·
