4008 6340
108 319 157 385 did
569 317 703 388 QUAEST.
723 313 813 374 xllt.
834 315 878 372 ott
898 311 1107 372 aftumans
1123 313 1270 372 ttttttnts.
1672 311 1725 370 ῦὸ

50 462 60 485 ν
108 437 284 500 hunencus
299 447 335 492 ιι.
350 463 389 478 -
401 425 512 494 tltrdm
524 427 619 490 timer
631 426 727 508 facim
741 426 891 488 coneilio·
939 425 1099 505 quiaspes
1111 427 1159 486 cst
1171 413 1315 498 debono,
1328 429 1424 504 prout
1436 441 1607 504 possumus
1619 425 1727 504 ipsum

145 512 239 574 liuor.
256 543 295 555 -
308 507 393 586 (2-2,
407 515 514 588 quest.
530 505 588 579 tr,
610 514 672 567 ort.
687 506 718 579 o,
740 505 781 566 ad
800 505 838 579 3,
860 511 889 566 et
941 504 1112 581 consequi3
1137 504 1232 564 timor
1254 509 1362 565 autem
1379 503 1418 566 de
1439 505 1534 576 malo,
1556 509 1652 584 prout
1670 505 1726 568 vix

45 607 50 616 ·
143 597 251 672 qooert.
279 587 330 658 ct,
356 597 417 647 nrt.
431 585 462 658 2,
477 586 517 646 nd
535 583 565 660 i,
585 593 612 644 et
631 603 684 666 qn.
708 584 758 659 29,
774 593 836 645 ort.
854 583 887 660 ’1,
940 582 1050 660 repelli
1067 585 1186 660 potest;
1201 587 1233 643 et
1251 581 1294 644 ita
1309 583 1410 662 magis
1424 582 1554 719 reineit
1567 584 1726 646 rationem

146 685 246 746 corp..
265 676 292 727 et
310 663 459 735 Ρεα1.22,
473 663 541 744 pin.)
887 709 890 716 .
941 661 1076 722 difficilis
1091 661 1186 720 timor
1199 657 1297 738 qudm
1314 677 1404 739 spesr
1421 660 1454 720 in
1493 660 1650 722 ilheilibus
1663 677 1729 724 an·

145 746 193 808 hd
219 744 393 807 seeundum
416 745 462 804 sic
486 740 675 819 proceditur.
701 740 730 800 l.
755 739 890 801 Videtur
941 743 1016 808 tem,
1028 738 1166 800 maxime
1176 739 1336 816 inquibus
1348 739 1439 800 nobis
1450 756 1514 799 non
1525 737 1725 816 confidimus,

108 824 192 904 qudd
205 825 371 885 timornon
385 820 478 882 iaciat
489 820 716 881 consiliatrvos.
726 819 794 879 Non
804 819 889 880 enim
941 817 1161 890 consiliamur,
1175 817 1257 878 sieut
1272 815 1390 879 dietum
1404 821 1453 878 est
1467 817 1500 878 in
1513 833 1601 896 corp.
1615 821 1678 880 art.

108 911 152 964 est
163 901 306 982 ejusdem
318 900 533 961 consiliatiros
546 897 659 965 lacere.
675 902 708 958 et
720 897 890 958 eonsilium

108 980 272 1060 impedire.
291 977 349 1038 Sed
364 979 459 1038 timor
476 977 644 1037 eonsilium
661 975 805 1053 impedil;
821 991 890 1036 om-

108 1060 156 1122 uis
171 1059 256 1119 enirn
276 1057 384 1134 passio
399 1057 563 1132 perturbat
579 1055 729 1130 quietem,
746 1071 817 1130 queo
831 1072 890 1115 re-

107 1139 247 1216 quiritur
257 1137 295 1196 ad
310 1136 428 1195 bonum
438 1151 531 1196 usum
544 1134 689 1194 rationis.
700 1131 784 1210 Ergo
796 1132 891 1192 timor

106 1233 173 1278 uon
191 1214 264 1275 lacit
278 1212 505 1274 consiliativos.
981 1213 1026 1275 ld
1043 1214 1170 1274 tertium
1184 1213 1228 1276 sic
1264 1211 1433 1274 receditur.
1448 1212 1477 1272 t.
1492 1210 1626 1274 Videtur
1638 1213 1727 1293 qudd

142 1293 177 1354 2.
200 1294 372 1362 Praeterea,
392 1291 561 1356 consilinm
582 1294 630 1350 est
649 1292 738 1349 actus
755 1288 889 1350 rationis
942 1294 1061 1352 tremor
1071 1310 1135 1353 non
1149 1291 1188 1352 sit
1203 1311 1219 1353 e
1245 1298 1332 1370 equs
1347 1291 1481 1350 timoris.
1495 1289 1629 1352 Tremor
1641 1293 1727 1356 enim

104 1371 142 1434 de
157 1371 274 1432 tuturis
289 1369 458 1448 cogitantis
476 1373 507 1429 et
521 1367 736 1428 deliberantis.
752 1365 811 1428 Sed
828 1367 891 1427 ali·
942 1385 982 1431 ex
998 1369 1114 1449 frigore
1124 1369 1254 1440 accidit;
1271 1369 1411 1432 videmus
1427 1369 1512 1430 enim
1528 1367 1726 1449 infrigidatos

127 1451 180 1512 uis
199 1449 294 1510 timor
309 1453 357 1509 est
374 1446 534 1508 caecutiens
552 1446 706 1524 capitote,
723 1450 751 1504 et
764 1454 891 1505 ruentem
941 1452 1088 1510 tremere.
1110 1449 1218 1508 Timor
1238 1451 1345 1509 autem
1366 1463 1431 1508 non
1453 1448 1577 1508 videtur
1592 1451 1731 1512 causare

104 1469 123 1588 d
143 1547 203 1589 eno
225 1528 293 1588 ioco
309 1531 451 1593 rernocet,
476 1530 511 1586 ut
529 1525 653 1584 Tullios
671 1523 746 1584 dicit
765 1525 796 1584 in
816 1521 835 1582 i
853 1524 891 1584 do
942 1524 1056 1605 frigus,
1074 1526 1129 1588 sed
1150 1526 1251 1605 magis
1265 1527 1404 1586 calorem
1419 1525 1648 1598 desiccantem
1665 1547 1729 1590 ca-

104 1607 298 1668 Tusculanis
312 1603 563 1680 Questionibus‚
579 1603 734 1679 aliquant.
752 1598 772 1663 d
788 1603 892 1679 princ.
938 1603 992 1684 ius
1007 1604 1133 1684 signum
1146 1604 1290 1682 estquod
1306 1605 1451 1664 timentes
1462 1603 1586 1676 sitiunt,
1602 1609 1633 1666 et
1644 1624 1728 1683 pras-

103 1684 193 1764 Ergo
208 1685 301 1743 timor
314 1700 377 1742 non
394 1681 467 1744 lacit
479 1680 706 1752 consiliantes,
721 1679 776 1741 sed
789 1680 890 1760 magis
943 1681 1034 1760 cipub
1059 1683 1091 1742 in
1114 1682 1262 1744 maximis
1282 1681 1464 1756 timoribus,
1486 1679 1568 1744 sieut
1589 1689 1674 1759 patet
1693 1686 1728 1746 in

103 1763 238 1840 impedit
257 1759 438 1822 eonsilium.
942 1761 1070 1840 illisqui
1083 1758 1121 1822 ad
1135 1767 1268 1822 mortem
1279 1761 1450 1822 ducuntur.
1462 1759 1546 1839 Ergo
1557 1760 1652 1822 timor
1662 1779 1728 1826 non

142 1843 177 1900 3.
196 1842 368 1909 Praeterea,
385 1838 467 1899 sieut
483 1837 650 1898 eonsilium
667 1834 835 1898 adhibetur
851 1835 891 1897 nd
942 1843 1054 1900 causat
1071 1844 1251 1900 tremorem.

103 1918 237 1983 vitanda
251 1917 351 1990 mala,
366 1917 410 1978 ita
423 1916 520 1976 etiam
534 1915 703 1976 adhibetur
718 1913 756 1976 ad
775 1930 892 1976 conse-
980 1917 1011 1976 2.
1026 1917 1193 1988 Praeterea,
1207 1916 1336 1978 emissio
1349 1913 1604 1993 superfluitatum
1618 1935 1660 1980 ex
1676 1935 1730 1980 ea·

103 1999 235 2076 quenda
250 1997 344 2056 bona.
359 1993 417 2057 Sed
427 1995 510 2054 sieut
523 1993 616 2052 timor
628 1999 676 2054 est
690 1993 728 2054 de
741 1992 831 2054 malis
845 1993 892 2053 vi·
941 1995 1010 2057 lore
1036 1994 1171 2064 accidit:
1197 1996 1281 2056 undo
1305 1999 1340 2056 ut
1365 1992 1539 2074 plurimum
1565 1996 1729 2059 medicinto

103 2076 225 2148 tundis,
247 2075 291 2136 ita
312 2089 383 2152 spes
406 2077 454 2134 est
471 2073 511 2132 de
533 2071 624 2132 bonis
643 2071 888 2149 consequendis.
942 2074 1092 2136 laxativo
1106 2076 1181 2134 sunt
1197 2073 1317 2135 ealidte.
1337 2072 1396 2134 Sed
1420 2073 1602 2150 hujusmodi
1625 2075 1729 2138 emis-

102 2153 192 2234 Ergo
201 2155 368 2214 timoruou
377 2150 557 2230 iacitmagis
567 2150 782 2212 consiliativos
793 2147 891 2228 quam
942 2151 1049 2214 siones
1069 2150 1326 2230 superfluitatum
1347 2168 1388 2212 ex
1407 2151 1521 2213 timore
1545 2151 1729 2231 frequenter

102 2249 192 2312 spes.
893 2305 895 2311 Ι
942 2231 1143 2310 contingunt.
1158 2229 1242 2309 Ergo
1255 2231 1349 2290 timor
1362 2227 1486 2290 videtur
1497 2231 1730 2294 causarecalo·

146 2309 207 2371 Sed
226 2311 339 2370 eontra
352 2309 400 2367 est
414 2303 499 2384 quod
513 2297 723 2382 Philosophus
736 2303 811 2366 dicit
825 2305 858 2366 in
872 2305 895 2365 2
942 2327 1029 2380 reru3
1045 2314 1075 2368 et
1089 2309 1135 2369 sic
1150 2324 1215 2368 nou
1233 2312 1346 2370 causat
1360 2312 1541 2369 tremorem.

101 2387 214 2459 libet..
231 2401 301 2462 cap.
312 2384 343 2458 S,
360 2385 446 2446 cirea
461 2383 561 2459 med.‚'
578 2383 663 2460 qubd
678 2384 773 2444 timor
786 2383 894 2444 eonsi-
982 2384 1013 2445 3.
1028 2387 1202 2458 Praeterea,
1217 2385 1249 2446 in
1266 2387 1379 2448 timore
1393 2386 1482 2446 calor
1497 2387 1538 2448 ab
1553 2385 1730 2449 exteriori-

102 2465 238 2528 liuticos
253 2461 341 2542 [ecit.
380 2539 387 2552 ι
445 2497 448 2502 -
687 2537 694 2552 ·
745 2537 751 2550 ·
944 2463 1004 2524 bus
1017 2463 1057 2524 ad
1071 2463 1224 2524 interiora
1242 2467 1421 2524 revocatur.
1438 2463 1469 2523 Si
1488 2463 1587 2542 igitur
1599 2469 1731 2558 propter

149 2541 337 2619 Respondeo
358 2538 525 2600 dicendum
546 2537 630 2616 qudd
654 2537 770 2615 aquurs
790 2541 895 2616 potest
945 2540 1125 2620 hujusmodi
1142 2542 1375 2602 revocationem
1388 2539 1503 2602 caloris
1519 2541 1551 2602 in
1564 2543 1731 2604 exteriori-

100 2619 171 2682 diei
187 2618 404 2680 eonsilialivas
422 2617 610 2696 dupliciter:
624 2631 690 2677 uno
705 2614 895 2678 mododvo·
946 2619 1005 2680 bus
1028 2619 1122 2680 homo
1143 2618 1267 2689 tremit,
1290 2617 1416 2680 videtur
1430 2619 1576 2681 similiter
1597 2621 1682 2699 qubd
1696 2622 1729 2682 iu

941 937 1120 1000 Anrrcouus
1141 955 1189 998 ιιι.
1206 971 1244 982 —·
1261 933 1372 1000 utntm
1388 936 1483 997 timor
1495 937 1591 1020 [ceint
1607 944 1727 1006 tremo-

980 1015 1229 1174 ἓξιῖιρῖξδιιρη
1245 1023 1308 1077 ort.
1328 1016 1357 1091 1,
1370 1015 1411 1077 ad
1425 1013 1459 1091 2,
1472 1017 1547 1126 ιιι..
1563 1023 1592 1078 et
1603 1015 1658 1078 tu.
1671 1017 1726 1092 17,

101 2699 250 2772 luntate,
266 2713 322 2758 seu
342 2693 556 2758 sollicitudine
577 2694 782 2765 consiliandi;
801 2700 832 2757 et
848 2694 895 2756 sic
945 2697 1095 2758 omnibns
1110 2695 1324 2758 exterioribus
1342 2697 1492 2758 membris
1508 2697 1637 2760 deberet
1651 2715 1731 2760 eau-
1828 2703 1833 2710 '

102 2777 206 2838 timor
225 2773 441 2836 consiliativos
462 2773 553 2844 lacit,
574 2773 669 2852 quia,
690 2778 725 2832 ut
745 2773 895 2833 Philoso-
945 2776 1010 2836 sari
1027 2783 1198 2837 tremores
1213 2775 1336 2836 timore.
1350 2775 1419 2836 Hoc
1432 2780 1540 2837 autem
1557 2793 1621 2836 non
1636 2775 1731 2838 vide-

103 2853 257 2945 phusqin
271 2851 414 2945 βΕιΙιξι,
424 2852 509 2926 dicit,
522 2867 592 2942 cap.
606 2851 636 2942 tt,
646 2849 848 2943 consiliemur
858 2851 895 2942 dc
944 2856 1009 2914 tur.
1020 2855 1094 2946 ,Non
1107 2869 1185 2934 erqo
1197 2857 1316 2915 hemor
1328 2854 1471 2932 eorporis
1484 2857 1533 2916 est
1546 2853 1674 2918 effectas
1690 2855 1731 2916 ti-

101 2949 251 3072 magd
265 2929 896 3086 ddatzetdribldirguffmdlr‘dbmsidlesdstiiiriiiseriidn
945 2949 1176 3088 Pdgd⁸eontra
1195 3012 1243 3070 est
1262 3009 1348 3087 quod
1368 3009 1493 3072 Tullius
1513 3007 1589 3072 dicit
1610 3010 1642 3071 in
1658 3008 1678 3072 h
1692 3009 1731 3074 do

107 3095 190 3152 sunt
214 3088 400 3167 simpliciter
431 3088 537 3159 mala,
563 3086 617 3148 sed
641 3085 759 3148 habeut
783 3101 896 3164 quam·
946 3089 1078 3150 ‘susem
1095 3087 1172 3163 OQ„
1189 3088 1347 3165 aliquant.
1365 3085 1515 3167 aprino,
1532 3087 1732 3168 quddttmo-

102 3167 183 3230 dam
199 3165 468 3243 magnitudinem,
485 3171 551 3225 tum
568 3181 609 3224 ex
622 3180 660 3225 eo
677 3163 760 3241 qubd
774 3181 898 3242 appre-
947 3184 1012 3227 rem
1031 3166 1171 3246 sequitur
1193 3173 1320 3236 tremor,
1348 3175 1376 3226 ct
1399 3165 1521 3247 potior,
1542 3175 1570 3228 et
1592 3167 1732 3230 dentium

103 3245 296 3308 henduntur
308 3249 344 3304 ut
359 3259 431 3322 qucc
445 3241 613 3304 difficiliter
627 3241 735 3318 repelli
749 3245 894 3319 possunt,
948 3245 1108 3324 strepitus.

102 3330 178 3386 tum
196 3323 292 3384 etiam
309 3323 386 3401 quia
400 3321 683 3398 apprehenduntur
694 3325 730 3380 ut
743 3321 781 3381 de
796 3319 896 3442 prope
986 3319 1174 3403 llespondoo
1187 3320 1355 3384 dicendum
1368 3321 1465 3400 qubd,
1480 3323 1562 3386 sieut
1574 3341 1672 3402 snpra
1685 3323 1732 3384 di-

103 3401 300 3471 existentia‚
317 3397 476 3478 sieutjam
490 3401 608 3461 dictum
626 3404 689 3470 est,
709 3404 822 3476 quaest.
837 3395 895 3474 lb,
948 3405 1034 3463 etum
1049 3407 1115 3474 est,
1137 3406 1198 3460 art.
1217 3401 1230 3460 l
1257 3401 1352 3480 hujus
1368 3405 1501 3478 quest,
1520 3402 1554 3462 in
1570 3403 1683 3463 timore
1697 3401 1732 3463 nt

104 3486 173 3543 art.
195 3479 228 3538 2.
248 3477 335 3540 Unde
352 3477 497 3540 homines
518 3475 658 3539 maxime
676 3475 709 3537 in
727 3476 896 3538 timoribus
948 3479 1094 3557 quedam
1111 3479 1285 3540 contractio
1299 3481 1340 3540 ab
1353 3479 1566 3541 exterioribus
1585 3480 1624 3542 ad
1644 3481 1733 3540 inte-

103 3559 262 3640 quaeruut
276 3555 451 3617 consiliari.
948 3559 1052 3631 riora3
1070 3562 1102 3618 et
1113 3556 1183 3618 ided
1197 3559 1356 3618 exteriora
1375 3556 1486 3635 trigida
1503 3563 1686 3628 remanent;
1701 3563 1734 3619 et

147 3637 225 3698 Alio
250 3635 343 3694 modo
363 3635 478 3695 dieitur
497 3633 615 3712 aliquis
637 3630 855 3694 consiliativus
876 3627 897 3696 d
948 3639 1079 3714 propter
1091 3635 1152 3695 hoc
1165 3633 1196 3694 in
1212 3633 1257 3695 eis
1272 3634 1386 3696 accidit
1402 3640 1531 3705 tremor,
1546 3633 1603 3710 qai
1618 3650 1733 3696 eausa-

105 3715 265 3778 iacuttate
285 3711 365 3774 bene
386 3712 593 3781 consiliandi;
614 3715 645 3772 et
662 3711 707 3771 sic
724 3727 782 3770 nee
802 3710 898 3770 timor
949 3709 1564 3774 turexdebilitatevirtutiscontinentis
1578 3712 1731 3773 membra.

103 3792 292 3870 uocatique
306 3790 413 3868 passio
423 3789 637 3850 consiliativos
651 3787 739 3858 laeit3
752 3789 829 3864 quia
840 3788 897 3846 ho·
949 3791 996 3851 hd
1010 3787 1189 3866 hujusmodi
1205 3793 1312 3849 autem
1329 3789 1521 3849 debilitatem
1531 3786 1668 3850 inarime
1683 3787 1733 3852 la-

104 3869 190 3931 mini
216 3869 328 3930 atieeto
353 3863 528 3928 seeundirm
551 3867 692 3942 aliquam
716 3867 898 3942 passionem
949 3867 992 3930 eit
1014 3865 1153 3928 deiectus
1174 3865 1309 3938 caloris,
1360 3865 1390 3926 ui
1414 3869 1463 3927 est
1484 3865 1733 3930 instrumentum

106 3949 241 4011 videtur
253 3946 373 4024 aliquid
389 3945 437 4006 rel
452 3943 735 4022 majusvetminus
749 3940 899 4034 quamsit
949 3961 1015 4024 quo
1029 3943 1136 4006 anima
1150 3948 1266 4018 moret,
1283 3948 1319 4005 ut
1334 3883 1451 4006 dieitur
1463 3943 1497 4005 in
1512 3943 1532 4004 2
1547 3944 1586 4008 de
1600 3943 1731 4022 Anima,

106 4024 289 4090 secundum
304 4025 349 4086 rei
366 4024 548 4092 veritatem
565 4021 646 4082 sieut
657 4027 776 4082 amantr
791 4020 899 4082 viden·
949 4026 1027 4086 text.
1041 4021 1091 4082 to.

105 4112 168 4167 tur
188 4121 300 4182 eaquae
315 4108 400 4162 amat
418 4101 567 4174 meliora,
584 4107 616 4160 et
634 4099 755 4160 timenti
770 4115 808 4160 oa
825 4115 898 4176 quae
989 4102 1036 4163 ld
1047 4099 1184 4179 primum
1197 4117 1273 4180 ergo
1283 4098 1449 4162 dicendam
1464 4095 1560 4180 quod,
1574 4101 1680 4166 calore
1690 4105 1732 4166 ab

107 4185 205 4245 timet
226 4179 428 4242 terribiliora.
448 4179 487 4239 Et
508 4179 554 4239 sio
569 4195 608 4240 ex
625 4177 748 4238 delectu
765 4179 899 4240 rectitu-
949 4179 1162 4243 exterioribus
1176 4179 1215 4240 ad
1231 4179 1381 4241 interiora
1399 4187 1560 4253 revocato,
1575 4182 1738 4260 manipli-⁴

108 4262 197 4322 dinis
212 4257 321 4338 judieii
335 4257 482 4334 quelibet
494 4257 615 4334 passio,
631 4253 786 4333 quantinn
800 4263 848 4318 est
859 4256 897 4318 de
949 4265 1041 4320 catur
1055 4258 1143 4320 calor
1157 4255 1302 4330 interitus,
1319 4262 1350 4319 et
1364 4257 1503 4320 maxime
1519 4257 1629 4322 verstis
1644 4260 1732 4322 iule—

108 4357 161 4412 se,
176 4338 305 4418 impedit
317 4336 496 4397 laenitatem
510 4333 588 4396 bene
601 4333 800 4395 consiliandi.
950 4335 1055 4410 ciera,
1077 4335 1106 4396 id
1124 4339 1187 4408 est,
1203 4337 1287 4398 eirca
1301 4337 1502 4410 nutritivam
1518 4341 1549 4400 et
1561 4337 1631 4400 idob
1648 4355 1733 4400 eon-

151 4419 194 4478 Et
209 4434 266 4494 per
280 4417 339 4476 hoc
351 4419 435 4492 patet
450 4414 616 4490 responsio
633 4413 670 4472 ad
687 4412 836 4490 primum.
950 4421 1076 4494 sumpto
1093 4413 1242 4485 humido,
1257 4416 1465 4492 consequitur
1485 4415 1573 4485 silis,
1587 4418 1618 4474 et
1634 4415 1731 4476 etiam

153 4489 647 4567 Adseeundumdicendumqubrl
659 4490 898 4568 quantbaliqua
949 4491 1107 4554 interdirm
1118 4493 1234 4552 solutio
1245 4494 1376 4560 ventris,
1392 4497 1423 4552 et
1436 4490 1687 4564 urinoeemissio,
1701 4495 1733 4552 et

109 4573 225 4654 passio
240 4577 287 4632 est
300 4571 428 4640 tortior,
444 4568 531 4629 tantb
551 4568 651 4646 magis
669 4567 764 4628 horno
780 4585 900 4630 secun-
948 4570 1142 4648 quandoque
1167 4570 1263 4629 etiam
1290 4569 1444 4638 sominis3
1473 4568 1522 4629 vel
1550 4567 1732 4646 huiusmodi

110 4644 898 4729 diamipsamalieetusimpeditur;etided‚quando
951 4647 1078 4708 emissio
1098 4645 1352 4723 superfluitatum
1372 4643 1486 4706 accidit
1502 4650 1633 4724 propter
1651 4663 1733 4708 eon-

111 4733 216 4794 timor
227 4727 320 4788 tuerit
333 4726 438 4797 tortis,
455 4725 522 4784 vult
533 4723 660 4801 quidem
676 4722 770 4782 homo
786 4723 898 4784 consi-
949 4725 1136 4786 tractionem
1150 4721 1268 4784 ventris
1284 4728 1316 4783 et
1327 4721 1556 4798 testiculorum,
1572 4725 1608 4784 ut
1623 4723 1733 4786 Philo-

110 4809 203 4881 linri,
218 4807 272 4868 sed
287 4804 365 4866 adeb
382 4805 587 4882 perturbatur
602 4801 634 4860 in
650 4799 715 4861 suis
731 4801 900 4879 cogitatio·
950 4803 1070 4880 sophus
1093 4800 1167 4862 dicit
1188 4801 1221 4861 in
1245 4799 1300 4862 lib.
1322 4798 1361 4862 de
1380 4801 1556 4876 Problem,
1578 4807 1654 4864 sect.
1678 4801 1730 4880 27,

112 4883 316 4962 uibus,qobd
327 4881 496 4944 eonsilium
507 4877 691 4941 adinvenire
703 4895 765 4938 non
780 4882 896 4956 potest;
950 4880 1054 4960 probi.
1073 4875 1104 4938 2.

112 4965 142 5028 si
161 4970 269 5026 autem
282 4962 322 5022 sit
336 4977 453 5054 parvus
468 4959 573 5029 timor,
589 4956 643 5034 qui
656 4956 898 5018 sollicitudinem
990 4959 1077 5020 Unde
1092 4960 1177 5034 patet
1188 4955 1305 5018 solutio
1319 4955 1359 5020 od
1371 4955 1556 5020 seeundum.

112 5039 308 5106 consiliandi
333 5037 478 5107 inducat,
505 5053 563 5098 nec
587 5031 722 5096 multllm
743 5035 899 5098 rationem
991 5035 1038 5098 hd
1055 5037 1182 5098 tertium
1195 5035 1362 5097 dicendum
1379 5035 1463 5112 qubd
1478 5037 1554 5114 quia
1571 5035 1604 5097 in
1619 5037 1733 5102 timore

114 5121 299 5190 conturbet,
315 5120 419 5195 potest
436 5114 531 5176 etiam
547 5113 692 5175 conterre
705 5112 744 5171 ad
760 5111 900 5174 iaculta-
952 5115 1041 5176 calor
1052 5113 1169 5175 deserit
1182 5129 1248 5185 eor,
1262 5112 1281 5174 ti
1296 5112 1514 5191 superioribus
1530 5114 1567 5176 ad
1580 5113 1737 5181 interiora

115 5205 184 5260 tern
209 5194 289 5260 bend
315 5192 503 5256 consiliandi
527 5193 652 5254 ratione
679 5190 902 5269 sollicitudinis
952 5193 1097 5263 tendens,
1114 5189 1183 5253 ided
1197 5191 1379 5253 timentibus
1396 5189 1533 5254 maxime
1547 5195 1651 5264 tremit
1665 5209 1732 5268 eor,

113 5271 357 5353 consequentis.
953 5268 1490 5348 etmembraquaehabentaliquam
1501 5271 1733 5340 connexionem

159 5355 207 5416 tto
223 5353 350 5413 tertium
361 5348 527 5411 dicendum
536 5346 621 5425 quod
634 5345 726 5408 etiam
741 5362 813 5425 spes
827 5347 902 5410 iacit
953 5348 994 5410 ad
1004 5355 1125 5426 peetus,
1135 5349 1191 5410 ubi
1200 5352 1249 5410 est
1257 5365 1324 5409 eor.
1339 5349 1426 5410 Unde
1435 5349 1584 5411 timentes
1594 5345 1735 5424 maxime

116 5429 355 5502 consiliatiros3
371 5425 459 5506 quia,
472 5430 508 5486 ut
520 5425 678 5488 iutilhet.
690 5425 900 5504 Philosophus
954 5431 1095 5490 tremunt
1111 5427 1145 5488 in
1162 5441 1239 5490 socc
1260 5432 1390 5506 propter
1406 5426 1599 5489 vicinitatem
1614 5425 1733 5488 vocetis

115 5511 208 5582 dicit,
222 5525 293 5586 cap.
304 5505 334 5580 5,
345 5515 422 5567 ‘ante
434 5504 529 5579 med,
544 5503 651 5564 nnttnr
665 5504 852 5566 remittatur
865 5504 902 5564 dc
954 5503 1080 5568 arteriae
1094 5504 1134 5565 ad
1146 5519 1217 5576 eor3
1231 5507 1338 5566 tremit
1347 5504 1443 5570 etiam
1454 5503 1575 5566 labium
1588 5500 1735 5576 interius,

116 5588 169 5651 his
182 5589 219 5650 de
231 5583 342 5667 quibem
353 5583 510 5661 desperat.
529 5583 611 5643 sient
624 5599 683 5644 nec
696 5583 733 5644 de
748 5581 902 5660 impossi÷
954 5589 987 5645 et
998 5587 1063 5644 tota
1077 5580 1209 5644 interior
1221 5582 1405 5644 mandibula
1421 5587 1550 5661 propter
1564 5579 1734 5644 contiuua-

117 5667 252 5738 bilibus,
266 5669 303 5725 ut
315 5661 430 5723 dieitur
443 5661 477 5722 in
492 5659 513 5720 3
529 5661 644 5733 Ethic.‚
662 5677 732 5738 cap.
750 5659 780 5720 3.
793 5661 903 5722 'rimor
955 5661 1075 5722 tionem
1088 5659 1127 5722 ad
1141 5676 1212 5731 cor;
1227 5659 1312 5720 uude
1323 5662 1355 5719 et
1366 5659 1515 5737 strepitus
1531 5655 1726 5718 dentiumse

118 5749 229 5807 tamma
249 5740 324 5803 lacit
341 5739 444 5820 magis
464 5738 679 5801 consiliatiros
693 5737 790 5817 qudm
810 5756 900 5818 spes,
956 5739 1083 5816 quiturq
1098 5742 1130 5802 et
1150 5735 1260 5800 eddom
1274 5737 1399 5798 rationo
1421 5735 1604 5798 brachiaet
1619 5751 1733 5797 manus
