4006 6344
80 331 137 394 'm
424 331 559 404 QUAEST.
571 332 601 392 G.
618 333 662 392 DE
680 331 883 390 PRAECEPTlS
903 331 1264 402 lluu.ll.lutls,lassllls
1280 337 1391 398 Lucis.
1677 343 1731 408 Πὸ

81 451 267 536 ιιιιᾳιιιιιιιοε
297 454 379 512 tuor.
410 448 555 514 Tertium
579 446 657 512 verb
683 451 878 527 preceptum
933 465 999 511 non
1019 453 1096 512 sunt
1118 450 1247 515 diversa
1270 456 1431 534 precepta
1450 451 1492 517 de
1511 453 1670 522 credendo
1692 461 1727 524 iu

78 551 155 598 esse
168 532 245 596 dicit
258 529 353 595 :Non
366 529 462 612 [ecies
475 528 533 592 tibi
547 527 694 620 sculptile
702 547 712 596 ,·
725 533 878 606 quartum
931 527 1045 604 Deum,
1066 534 1098 592 et
1115 530 1154 592 de
1174 529 1235 594 hoc
1246 531 1333 611 qubd
1347 549 1414 595 nnn
1428 533 1579 598 credatur
1592 535 1627 598 iu
1641 537 1728 601 alie-

78 611 162 676 rerb
181 631 189 672 r
205 610 281 674 Non
292 627 427 671 assumes
443 627 555 670 nonan
566 608 624 670 Det
641 607 688 670 tui
702 607 737 670 in
751 625 877 670 uanum.
933 625 993 670 nos
1008 609 1096 670 deos.
1612 623 1615 629 ’

78 689 280 756 Pertinentia
294 688 370 752 verb
382 688 423 774 ad
436 687 621 768 proximum
632 686 708 748 dicit
717 701 788 748 esse
801 705 877 760 sex;
972 687 1019 748 Ad
1034 689 1165 751 tertium
1175 689 1343 752 dicendum
1355 691 1442 771 qudd
1452 693 1557 756 omnis
1571 697 1729 778 eoncupi-

77 777 118 832 ut
137 771 280 850 primunt
300 769 342 832 sit
362 788 370 828 :
389 768 527 830 Honora
553 775 680 858 petrem
704 773 732 826 ct
752 773 880 826 matrem
932 769 1055 829 scentia
1069 769 1220 830 convenit
1232 769 1266 830 in
1278 768 1346 834 und
1359 774 1677 851 communiration03
1696 781 1729 839 et

80 847 374 919 commeandum
386 867 394 907 ε
406 843 772 914 Nonoccedrs;tertium
784 863 791 904 r
803 844 880 908 Non
933 845 1002 908 ideb
1017 847 1190 926 Apostolus
1209 847 1417 930 singulariter
1427 852 1466 914 de
1480 853 1632 916 mandato
1651 872 1729 918 con·

77 925 300 996 mecleebcrisr
320 933 474 1006 quartum
495 945 503 986 r
523 924 599 988 Noe
621 925 742 1006 furlum
761 923 879 1005 socies:
932 927 1116 1006 cupiscendi
1137 927 1293 1008 loquitur.
1309 929 1392 1006 Quia
1410 934 1518 994 tamen
1539 933 1572 995 in
1593 935 1726 1012 speciali

77 1011 234 1086 quintum
256 1026 264 1068 s
289 1005 366 1070 Noa
392 1005 506 1088 [oleum
533 1003 746 1066 testimonium
766 1002 879 1072 dicre:
932 1005 1065 1068 diverse
1092 1011 1167 1068 sunt
1192 1009 1335 1072 rationes
1363 1010 1628 1090 concupiscendi,
1656 1013 1727 1076 idad

77 1093 214 1150 sextum
233 1106 240 1147 ι
257 1085 333 1154 Noa
347 1103 448 1148 eonon
470 1085 558 1146 isoes.
932 1085 1146 1166 Augustinus,
1161 1087 1222 1148 loe.
1238 1103 1311 1167 sup.
1330 1088 1396 1164 cit,
1414 1090 1582 1172 distinguit
1598 1090 1727 1160 diversa

121 1167 183 1229 Sed
203 1163 307 1247 primd
326 1165 388 1227 boc
404 1165 433 1227 vi
456 1169 529 1226 etur
546 1161 778 1225 inconveniens
793 1160 879 1240 qudd
932 1170 1090 1244 praecepta
1115 1166 1153 1227 de
1182 1183 1247 1228 non
1276 1169 1547 1248 eoncupiscend03
1573 1168 1728 1236 diilerunt

79 1245 328 1326 praeceptumde
339 1244 564 1320 observatione
575 1241 878 1380 sabbatifraeceptis
932 1243 1017 1304 enim
1033 1245 1139 1323 specie
1152 1247 1420 1326 concupiscentie
1433 1245 1611 1312 secundum
1627 1251 1729 1314 dives

79 1325 229 1406 decalogi
246 1325 488 1403 interponatur,
504 1322 531 1384 si
544 1323 634 1383 nullo
649 1337 701 1382 mo
724 1337 744 1381 o
761 1319 800 1382 ad
817 1321 880 1381 de-
932 1323 1059 1385 sitatem
1085 1325 1248 1386 actionum
1271 1327 1322 1388 vel
1349 1328 1666 1408 concupiscibilium,
1689 1336 1726 1394 ut

79 1405 235 1486 calogum
247 1404 416 1484 pertineat.
434 1400 597 1474 Secundb,
610 1400 688 1480 guia
705 1397 778 1460 crim
797 1399 880 1462 scri·
931 1401 1144 1480 Philosophus
1160 1403 1236 1465 dicit
1251 1405 1283 1466 in
1300 1406 1338 1468 10
1351 1407 1468 1482 Ethie.‚
1484 1425 1555 1488 cap.
1573 1407 1604 1468 5.
1775 1429 1777 1436 ι

78 1487 176 1563 ptum
195 1483 237 1546 sit
255 1483 369 1546 Matth.
384 1481 423 1556 b,
441 1479 482 1542 ab
500 1501 509 1541 z
528 1479 625 1543 Nemo
639 1485 742 1560 potest
758 1477 879 1540 duobus
932 1481 1113 1544 Anniculus
1127 1501 1157 1544 v.
1169 1483 1329 1546 -lltrttm
1340 1503 1427 1566 prcec
1466 1495 1497 1548 to
1507 1487 1649 1567 decalogi
1658 1505 1729 1550 eon

79 1561 353 1631 dominisscroirc.
364 1558 649 1642 ejusdemmtionis
660 1577 730 1620 esse
739 1558 878 1631 videtur,
971 1503 1725 1646 venienterennmcrenturoetaedist.3'l,art.2,

79 1639 770 1729 etsubmdempraeoeptocadererssposum
778 1638 881 1699 Domi·
971 1649 1079 1722 quest.
1097 1640 1133 1714 2,
1151 1641 1214 1702 e13
1233 1651 1331 1712 cont„
1345 1661 1413 1724 cop.
1432 1645 1501 1718 120,
1539 1661 1585 1714 n„
1597 1655 1625 1706 et
1640 1645 1725 1788 ιιι]

77 1740 142 1784 aas
158 1721 388 1789 licosteneet
405 1739 413 1779 ι
429 1715 868 1782 Nonhabebesdeosolienos.
971 1719 1019 1782 Ad
1030 1719 1178 1798 quintum
1190 1722 1236 1784 sic
1245 1723 1439 1800 proceditur.
1454 1725 1483 1785 1.
1524 1725 1703 1804 ideturqub

121 1801 214 1864 Unde
239 1799 407 1880 Origenes,
419 1798 505 1860 bom.
530 1795 603 1858 Sin
625 1795 741 1870 Exod,
763 1795 881 1858 distin·
932 1799 1196 1862 inconvenienter
1207 1807 1365 1881 precepta
1377 1803 1520 1897 decalogi
1534 1823 1726 1868 enumeres·

103 1897 187 1943 oeus
205 1878 301 1942 etiam
314 1883 456 1972 quatuor
469 1879 628 1955 praecepta
642 1875 825 1938 ordinantis
839 1873 879 1938 ad
932 1881 997 1940 tur.
1013 1879 1183 1942 Peccatum
1197 1880 1294 1955 enim,
1309 1887 1346 1943 ιιι
1360 1883 1549 1946 Ambrosius
1565 1881 1652 1958 dicit,
1667 1885 1723 1947 lib.

78 1957 880 2116 ..llal'lllbll0-ll0.l⁰f.l‘l⁰lllhut
932 1957 1728 2116 lbltlulsl³l·.lblb.mllntribuual

79 2116 337 2180 tertiumrerb:
389 2131 696 2178 onoosameroomcn
710 2113 769 2176 Ilei
784 2113 881 2176 tutin
934 2125 1047 2178 comm.
1072 2115 1132 2178 Sed
1155 2122 1286 2196 peecata
1312 2117 1556 2200 distinguuntur
1577 2138 1636 2199 per
1664 2122 1727 2186 hoc

78 2214 220 2266 vanum:
235 2199 389 2276 quartum
406 2215 414 2256 ι
429 2195 587 2257 Menenio
607 2201 643 2254 ut
661 2192 742 2254 diem
759 2191 879 2254 sabbati
932 2196 1017 2275 qubd
1033 2196 1130 2257 homo
1145 2201 1256 2276 peceat
1267 2199 1316 2260 vel
1331 2199 1364 2260 in
1378 2199 1492 2274 ileum,
1504 2201 1557 2262 rel
1569 2198 1602 2260 in
1615 2202 1727 2280 proxi·

78 2276 270 2357 sanctificer.
287 2273 359 2337 lilia
375 2273 453 2338 verb
472 2291 531 2336 sex
547 2272 656 2352 ponit,
672 2272 754 2334 sicut
773 2273 880 2352 llesy-
932 2293 1037 2348 mum,
1055 2276 1106 2338 vel
1121 2276 1155 2338 in
1172 2275 1326 2354 seipsum.
1341 2275 1421 2340 Ctlrn
1438 2279 1536 2357 igitur
1550 2279 1583 2340 in
1599 2294 1727 2357 prece-

80 2356 190 2419 cbius.
932 2354 995 2434 ptis
1014 2353 1125 2417 decalo
1148 2355 1158 2416 i
1178 2373 1243 2416 non
1259 2361 1424 2434 ponantur
1441 2358 1552 2436 aliqua
1565 2375 1669 2436 praece
1693 2361 1726 2422 ta

123 2434 185 2496 Sed
201 2433 278 2512 quia
296 2431 401 2526 iacere
415 2431 563 2526 sculptile
573 2430 623 2494 rel
637 2429 879 2493 similitudinem
933 2433 1114 2496 ordinantia
1128 2373 1292 2498 hominem
1311 2435 1351 2497 ad
1371 2436 1524 2514 seipsum,
1548 2435 1602 2499 sed
1621 2377 1726 2500 solgm

81 2530 154 2575 nou
173 2518 222 2577 est
241 2513 440 2592 prohibitum
465 2529 526 2572 nisi
548 2507 725 2572 secundum
744 2509 824 2584 hoc,
843 2513 881 2570 ut
932 2513 1115 2575 ordinantiu
1147 2513 1251 2592 ipsum
1273 2513 1313 2577 ad
1335 2513 1437 2576 Deum
1469 2518 1501 2575 et
1518 2514 1724 2593 proximum.

80 2609 151 2656 uon
174 2593 324 2655 colantur
340 2608 400 2672 prn
420 2591 481 2654 diis
500 2589 595 2671 (nam
615 2587 651 2649 in
670 2589 880 2652 tabernaculo
932 2591 1153 2671 videturqudd
1167 2591 1365 2656 insufficiens
1377 2593 1419 2654 sit
1432 2595 1633 2656 enumeratio
1645 2612 1728 2674 prae-

79 2671 172 2733 Deus
193 2688 296 2750 praece
320 2671 344 2731 it
362 2669 432 2732 deri
447 2669 620 2749 imaginem
639 2667 824 2746 Seraphim,
845 2671 881 2728 ut
933 2676 1098 2750 ceptorum
1113 2671 1269 2750 decalogi.

79 2749 203 2812 dicitur
217 2689 319 2812 uxos.
332 2749 371 2810 ab
388 2744 657 2841 ,uconrenieutids
665 2747 879 2826 Augustinus,
975 2751 1007 2812 ι.
1020 2752 1188 2824 Praeterea,
1203 2751 1286 2812 sicut
1297 2749 1336 2813 ad
1345 2751 1467 2813 cultum
1478 2749 1535 2814 Dei
1547 2751 1728 2830 pertinebat

80 2836 147 2892 loc.
161 2847 233 2908 sup.
249 2829 316 2905 cit,
354 2833 423 2890 enit
441 2829 502 2890 sub
520 2843 587 2890 uno
607 2829 766 2906 precepto
782 2846 790 2885 ε
805 2826 837 2888 Ν
840 2843 882 2886 on
934 2831 1118 2892 observatio
1132 2830 1269 2902 sabbati,
1282 2829 1327 2892 ita
1340 2830 1437 2892 etiam
1450 2831 1634 2892 observatio
1647 2831 1728 2892 ulia-

82 2907 207 2999 hobebir
221 2908 293 2972 deos
305 2847 442 2976 ananus,
455 2911 506 2999 εις
520 2905 598 2998 Non
613 2905 709 2986 socies
722 2904 879 3043 sculptile.
927 2925 1007 2998 ⁴rum
1027 2909 1282 2982 solemnitatum,
1299 2912 1330 2969 et
1346 2907 1524 2970 immolatio
1545 2909 1728 2982 sacriflcio-

81 2987 239 3050 Srmiliter
252 2988 349 3050 etiam
361 2989 623 3065 concupiscentia
637 2999 750 3047 uxoris
768 2999 785 3044 a
801 2999 882 3045 rente
934 3005 1018 3049 rum.
1038 2987 1099 3050 Sed
1117 2988 1202 3049 inter
1214 2990 1372 3067 precepta
1392 2986 1535 3068 decalogi
1557 2993 1605 3050 est
1623 3005 1727 3050 unum

1 3127 2 3130 ,
82 3077 126 3128 uu
146 3067 408 3129 commixtionem
429 3065 569 3145 pertinet
589 3062 629 3126 ad
651 3060 882 3142 eonarpisccn-
934 3067 1098 3144 pertinens
1128 3065 1169 3128 ad
1200 3066 1439 3128 observantiam
1471 3067 1608 3129 sabbati.
1641 3067 1727 3147 Ergo

83 3146 163 3206 riom
183 3145 300 3208 cornis.
322 3143 597 3224 Concupiscentia
615 3146 722 3206 autem
742 3140 880 3202 aliarum
934 3145 1031 3206 etiam
1046 3145 1162 3206 debent
1176 3163 1246 3206 osse
1262 3145 1371 3222 aliqua
1385 3144 1578 3224 pertinentia
1592 3145 1630 3208 ad
1645 3146 1726 3209 alias

81 3243 217 3299 rerum,
232 3241 313 3304 oum
331 3224 555 3287 desiderantur
574 3221 614 3284 ad
633 3219 880 3300 possidendum,
935 3223 1166 3298 solemnitates,
1181 3223 1263 3285 etad
1278 3223 1376 3284 ritum
1389 3224 1631 3288 sacrificiorum.

1 3341 2 3344 =
82 3306 250 3384 pertinent
264 3304 303 3366 ad
315 3299 781 3384 concupiscentinmocnlorun.
794 3298 883 3362 Unde
974 3302 1004 3362 3.
1027 3305 1201 3375 Praeterea,
1224 3303 1307 3364 sicut
1330 3307 1442 3366 eontra
1465 3303 1568 3366 Deum
1592 3319 1728 3382 peccare

1 3419 2 3426 ι
84 3384 186 3445 etiam
198 3383 411 3464 Augustinus,
423 3382 514 3456 ibid,
533 3379 624 3460 ponit
638 3379 703 3440 duo
723 3381 883 3457 precepta
935 3381 1092 3463 contingit
1143 3381 1337 3462 erjurando,
1366 3383 1412 3444 ita
1442 3383 1538 3444 etiarn
1569 3383 1729 3462 blasphe-

84 3463 125 3524 de
147 3479 214 3524 non
230 3462 486 3542 concupiscendo
510 3477 578 3521 rem
599 3459 740 3521 alienam
753 3463 784 3520 et
796 3475 884 3550 uxo-
936 3461 1069 3534 mando,
1085 3401 1140 3522 ve?
1153 3458 1235 3524 alirls
1255 3466 1367 3524 contra
1388 3460 1567 3525 doctrinam
1584 3461 1728 3526 divinam

84 3560 157 3604 rem
175 3542 331 3616 alienam;
356 3547 388 3604 et
406 3542 454 3604 sic
473 3539 564 3619 ponit
586 3538 648 3602 tria
667 3541 827 3618 precepta
849 3553 882 3597 ιιι
936 3541 1130 3603 mentiendo.
1159 3539 1218 3602 Sed
1244 3542 1378 3618 ponitur
1404 3557 1507 3602 unum
1532 3547 1728 3620 preceptum

85 3621 201 3714 ordine
226 3621 267 3683 ad
295 3621 416 3695 Deum,
441 3625 474 3682 et
489 3623 619 3714 'septem
645 3618 679 3680 in
704 3616 816 3680 ordine
842 3614 883 3679 ad
936 3619 1110 3700 prohibens
1125 3619 1304 3712 perjurium
1314 3617 1412 3712 ,crim
1425 3621 1564 3682 dieitur:
1579 3619 1657 3683 Non
1670 3637 1729 3682 or-

1 3831 2 3840 .
85 3700 803 3860 llllillaudabiliter...1...
818 3792 883 3837 s.
929 3700 1301 3866 ‚dithalassa
1317 3699 1591 3840 tlllllhlll
1606 3715 1729 3840 lculi

86 3864 138 3922 ost
156 3858 219 3921 nisi
233 3859 380 3939 quedam
393 3860 581 3938 protestatio
605 3855 689 3918 hdei.
710 3855 797 3917 Unde
818 3871 884 3916 non
936 3857 1047 3935 aliquo
1063 3861 1223 3936 precepto
1237 3856 1379 3937 decalogi
1394 3857 1570 3937 prohiberi.

87 3943 167 4002 sunt
179 3937 244 4000 alia
256 3943 417 4032 precepta
429 3935 533 4000 danda
545 3934 584 3998 de
598 3933 710 4009 latria,
726 3938 757 3996 et
769 3934 833 3996 alia
845 3933 885 3996 de
975 3935 1005 3996 b.
1017 3937 1185 4009 Praeterea,
1195 3937 1384 3998 sicuthomo
1394 3938 1575 3999 naturalem
1586 3901 1730 3997 dilecffo·

86 4017 162 4080 lide.
196 4015 304 4080 Potrds
335 4023 443 4080 tamen
476 4021 553 4078 sunt
586 4014 696 4091 aliqua
726 4019 884 4092 precepta
937 4031 1012 4078 nem
1030 4015 1180 4078 habetad
1196 4019 1365 4093 parentes,
1386 4016 1430 4078 ita
1447 4016 1543 4077 etiam
1561 4015 1601 4076 ad
1618 4015 1727 4078 lilios:

87 4095 196 4159 danda
216 4096 257 4158 de
283 4093 379 4158 latria
395 4094 495 4174 qudm
511 4094 551 4156 de
569 4092 642 4165 tide,
662 4093 741 4170 quia
763 4109 885 4172 praece-
936 4093 1122 4156 mandatum
1137 4094 1232 4156 etiarn
1248 4095 1412 4156 charitatis
1427 4094 1467 4158 ad
1485 4111 1596 4158 omnes
1612 4094 1730 4174 proxi-

112 4182 181 4238 tum
196 4174 267 4237 tidei
280 4174 541 4255 presupponitur
555 4172 595 4234 ad
608 4176 766 4250 precepta
787 4171 886 4235 deca·
937 4191 1006 4235 mos
1022 4173 1215 4236 extenditur.
1234 4173 1293 4235 Sed
1311 4177 1468 4254 precepta
1483 4173 1626 4254 decalogi
1641 4173 1730 4234 ordi-

88 4195 174 4350 fogh
191 4255 275 4318 sicut
288 4261 481 4334 preceptum
493 4251 684 4314 dilectionis.
698 4251 785 4313 Sicut
798 4252 883 4313 enirn
937 4257 1056 4316 nantur
1068 4253 1108 4315 ad
1121 4253 1326 4329 charitatem,
1341 4249 1518 4316 secundum
1542 4251 1620 4314 illud
1645 4253 1661 4313 1
1676 4252 1731 4314 'll-

88 4349 194 4414 prima
206 4339 365 4413 precepta
379 4333 562 4396 communia
573 4332 654 4411 legis
672 4335 796 4394 naturas
808 4334 885 4394 suist
936 4331 1213 4407 moth.1,5:l'inis
1242 4334 1369 4414 recepti
1377 4332 1663 4413 charliacum-go
1674 4333 1732 4394 sic·

89 4431 200 4494 perse
218 4419 295 4476 nota
316 4412 446 4476 habenti
462 4413 622 4473 rationem
640 4411 838 4483 naturalem,
853 4417 885 4474 et
935 4416 972 4472 ut
984 4414 1115 4491 ponitur
1125 4352 1285 4490 quoddvam
1296 4417 1490 4491 praeceptum
1509 4411 1673 4491 pertinens
1689 4409 1730 4472 ad

90 4492 349 4573 promulgatione
363 4509 429 4553 non
443 4491 597 4570 indigent,
611 4490 657 4552 ita
670 4491 767 4551 etlam
780 4494 811 4551 et
824 4489 887 4551 hoe
936 4496 1098 4569 parentes,
1107 4490 1646 4571 itaetiamdebueruntponialiqua
1655 4507 1733 4569 pres:

87 4572 178 4652 quod
192 4580 241 4634 est
252 4572 381 4636 credere
391 4571 424 4632 in
436 4571 551 4643 Deum,
567 4572 617 4630 est
630 4569 770 4647 primum
785 4571 817 4628 et
827 4587 884 4646 per
936 4575 1027 4708 aegla
1041 4571 1233 4650 pertinentia
1246 4570 1286 4632 ad
1303 4569 1385 4632 tilios
1396 4577 1428 4632 et
1441 4570 1522 4631 alins
1537 4569 1713 4647 proximos.

89 4645 885 4730 senotumeiquihabettidom.1lccedentemenim
998 4694 1005 4709 .
1033 4651 1210 4722 Preterea,
1235 4649 1270 4709 in
1295 4648 1441 4727 quolibet
1466 4665 1584 4728 genere
1608 4646 1730 4726 peccati

88 4729 132 4794 nd
143 4731 244 4792 Deum
258 4738 382 4810 oportet
399 4729 521 4790 eredere
539 4727 615 4808 quio
634 4733 695 4795 cst,
712 4732 748 4786 ut
767 4725 885 4788 dieitur
935 4729 1092 4809 contingit
1106 4745 1239 4806 peceare
1254 4728 1350 4790 eorde
1363 4732 1395 4790 et
1408 4743 1518 4806 opere.
1534 4727 1592 4787 Sed
1611 4727 1644 4787 in
1657 4726 1732 4806 qui-

88 4811 131 4874 ad
144 4811 243 4872 liebr.
261 4809 361 4884 11,u.
375 4809 415 4869 Et
427 4807 499 4870 ideh
511 4823 576 4869 non
590 4805 710 4886 indiget
726 4803 791 4867 alia
806 4823 885 4886 prn-
936 4807 1071 4870 busdam
1102 4807 1273 4886 generibus
1300 4813 1525 4885 peccatorum,
1550 4807 1673 4870 seilirt
1697 4806 1736 4868 ιι

88 4891 158 4953 mul
181 4890 301 4963 atione,
314 4888 378 4951 nisi
392 4888 553 4949 inlusione
568 4885 652 4946 tldei.
743 4885 761 4902 ‘
937 4885 1022 4948 iurto
1041 4891 1073 4947 et
1087 4887 1264 4960 adulterio,
1281 4883 1428 4949 seorsum
1472 4885 1638 4946 rohibetur
1653 4903 1732 4964 pec-

131 4907 180 5032 ld
194 4968 369 5032 secundum
384 4966 553 5030 dicendum
566 4964 651 5044 qndd
666 4967 824 5044 praecepta
838 4963 884 5026 ai·
936 4970 1043 5028 catum
1056 4965 1175 5044 operis,
1189 4961 1262 5026 edm
1277 4965 1414 5028 dieitur:
1461 4983 1502 5026 on
1515 4964 1730 5026 mechaberis:

88 5049 250 5112 firmativo
266 5044 735 5137 distinguunturdnegativis,
753 5043 884 5121 quando
935 5045 1012 5108 Non
1043 5049 1163 5127 furtum
1176 5045 1301 5184 siries:
1329 5049 1361 5106 et
1391 5043 1537 5106 seorsum
1563 5051 1731 5123 peccatum

89 5145 194 5192 unurn
216 5145 281 5189 non
298 5123 581 5206 comprehenditur
602 5142 635 5184 in
654 5124 883 5197 a1103sicutin
936 5125 1061 5199 cordis,
1083 5120 1155 5186 clim
1198 5123 1321 5186 icitur:
1341 5122 1417 5188 Non
1442 5123 1642 5202 concupisces
1667 5141 1732 5185 rem

89 5207 307 5272 honoratione
325 5209 497 5286 parentum
516 5220 582 5264 non
604 5201 779 5265 includitur
798 5201 884 5282 quod
931 5205 1078 5284 proximi
1103 5203 1167 5272 tui.
1195 5207 1254 5264 et:
1278 5203 1355 5266 Non
1377 5203 1574 5284 concerpisces
1599 5221 1732 5263 onorem

89 5283 201 5349 nullus
224 5287 321 5347 homo
341 5283 519 5358 occidatur,
538 5300 598 5346 neo
616 5280 634 5344 d
655 5299 832 5355 converso;
853 5287 884 5343 et
930 5282 1148 5363 proximitui.
1165 5283 1250 5360 Ergo
1270 5281 1366 5344 etiam
1383 5281 1466 5344 idem
1481 5283 1590 5344 debuit
1605 5281 1681 5360 poni
1698 5283 1731 5342 in

112 5369 223 5445 ropter
243 5365 305 5428 hoc
323 5363 442 5426 dantur
462 5363 589 5426 diversa
608 5367 766 5441 precepta
786 5379 885 5440 super
936 5369 1067 5442 peceato
1081 5361 1242 5422 homicidii
1256 5371 1287 5423 et
1301 5361 1372 5424 lalsi
1389 5361 1574 5424 testimonii.

89 5385 165 5508 Ros.
180 5445 240 5508 Sed
254 5443 385 5523 quando
398 5443 627 5506 affirmativum
642 5437 885 5518 comprehendi·
974 5442 1004 5502 6.
1019 5443 1188 5516 Preterea,
1204 5440 1286 5502 sicut
1301 5441 1458 5521 contingit
1470 5444 1637 5520 peceatum
1653 5455 1734 5518 pro-

90 5529 146 5588 tur
158 5526 220 5587 sub
233 5523 395 5604 negativo,
409 5522 670 5595 velbconverso,
686 5536 751 5582 non
766 5519 884 5581 dantur
935 5525 1049 5584 venire
1069 5537 1113 5584 ex
1134 5519 1372 5582 inordinatione
1392 5518 1663 5598 concupiscibilis,
1687 5519 1733 5582 lta

90 5625 192 5688 super
206 5604 268 5667 hoc
281 5603 408 5668 alvena
443 5607 596 5684 recepta3
612 5595 696 5664 sicut
710 5615 776 5662 non
790 5599 886 5663 datur
935 5603 1033 5665 etiam
1050 5617 1092 5661 ex
1110 5599 1348 5662 inordinatione
1366 5599 1549 5662 irascibilis.
1570 5597 1629 5660 Sed
1650 5597 1733 5672 qni-

91 5687 181 5752 aliud
196 5683 392 5768 preceptum
430 5703 446 5748 e
460 5683 522 5746 hoc
538 5681 625 5762 quod
639 5684 688 5744 est
703 5701 711 5741 :
724 5681 801 5744 llos
812 5681 886 5761 sur·
936 5683 1072 5746 busdam
1083 5685 1251 5780 preceptis
1262 5685 1452 5764 prohibetur
1465 5677 1649 5744 inormnara
1659 5693 1732 5740 oon·

91 5767 278 5848 ranseries,
291 5763 374 5828 etde
388 5763 449 5827 hoc
463 5762 548 5842 quod
563 5764 612 5826 est
629 5777 809 5822 conseruere
822 5779 885 5822 reni
936 5761 1155 5841 cupiscentia,
1173 5780 1247 5824 cum
1262 5763 1379 5826 dieitur
1395 5783 1402 5822 ι
1423 5761 1499 5824 Non
1517 5777 1720 5842 concupisces

91 5847 238 5919 elimat,
254 5845 307 5912 vel
319 5843 480 5906 restituere
495 5859 578 5910 eoru·
593 5843 624 5904 et
639 5837 749 5903 eadem
760 5841 885 5903 ratione
937 5843 1023 5922 Ergo
1038 5843 1134 5907 etiam
1152 5842 1263 5922 aliqua
1283 5846 1440 5922 precepta
1455 5860 1489 5903 in
1504 5842 1658 5922 decalogo
1675 5839 1731 5902 de-
