4008 6340
141 260 195 318 l8l
350 257 484 328 QUAEST.
504 259 564 316 XX.
585 258 630 314 ul:
649 255 760 314 BONl'l'.
781 255 826 312 El*
845 255 959 312 uatis.
980 253 1206 314 Exlutttuttttot
1224 254 1365 315 retudit
1385 255 1512 316 titillari.
1713 259 1765 318 ld!

132 366 241 433 solum
258 368 343 448 qudd
357 369 396 434 ad
417 367 504 432 aliud
524 368 702 438 ordinatur,
728 367 810 428 sicut
833 364 922 442 potio
974 365 1120 444 telligant
1133 365 1210 442 quia
1220 365 1326 446 justus
1339 372 1387 428 est
1399 368 1496 430 Deus.
1513 367 1572 430 Sed
1590 370 1765 433 malumvel

132 464 247 510 arnara
256 465 297 510 ex
309 448 371 510 hoc
380 448 449 510 solo
458 450 507 509 est
515 445 693 524 bonaqudd
704 451 751 507 est
764 443 920 517 sanctium
974 443 1088 504 donum
1098 445 1198 524 magis
1207 445 1482 508 estaestimandurn
1493 443 1666 510 secundum
1678 448 1763 528 J'udi·

132 521 920 600 undenenestaliabonltassanitatisetpotionis‚
975 519 1762 604 ciumDeiquamsecunddmjudieiumhominum.

132 604 193 667 sed
206 621 273 666 una
286 601 734 680 eteadem.Quandoquevero
748 601 826 662 illud
836 597 923 678 quod
973 599 1017 660 Er
1039 618 1058 660 o
1078 605 1168 662 actus
1182 603 1322 663 exterior
1335 603 1415 663 nihil
1434 603 1519 665 addit
1537 605 1576 666 ad
1590 605 1764 668 bonitatem

132 682 177 746 ad
189 682 276 744 aliud
289 683 470 756 ordinatur,
485 683 580 744 habet
595 683 627 742 in
648 699 682 742 se
705 680 847 758 aliquam
866 694 924 739 ra·
975 619 1190 740 reinaldum
1203 697 1300 758 super
1311 684 1417 742 actum
1428 681 1625 744 interiorem.

133 763 257 824 tionem
269 761 364 834 boni,
384 761 480 824 etiam
494 766 609 854 prater
623 759 766 820 ordinem
781 757 819 819 ad
835 755 923 818 aliud
1014 755 1045 816 2.
1067 757 1234 830 Praeterea,
1248 775 1314 820 una
1326 764 1358 820 et
1370 759 1480 821 eadem
1495 764 1542 822 est
1563 761 1689 824 bonitas
1707 762 1764 824 in-

132 841 270 913 bonum,
284 836 374 902 'sicut
391 839 548 900 medicina
574 853 729 928 saporosa
756 836 852 898 habet
870 851 923 896 ra·
975 835 1101 896 terioris
1118 841 1150 896 et
1160 837 1331 898 exterioris
1346 837 1448 906 actds,
1463 844 1499 899 ut
1510 839 1627 902 dictum
1641 846 1689 902 est
1702 848 1763 903 art.
1859 868 1863 882 ·

132 917 255 980 tionem
272 919 348 979 boni
361 917 556 980 delectabilis
566 920 682 996 prater
696 915 757 978 hoc
770 913 856 993 qudd
873 916 922 975 est
974 930 1069 992 praec.
1100 913 1159 976 Sed
1192 921 1399 994 augmentum
1424 915 1459 977 lit
1486 935 1544 996 per
1573 917 1764 982 additionem

132 997 295 1058 sanativa.
974 992 1072 1053 unius
1092 993 1130 1054 ad
1149 992 1296 1054 alterum.
1319 993 1404 1073 Ergo
1421 999 1510 1056 actus
1535 997 1676 1059 exterior
1698 1016 1763 1060 non

176 1073 227 1136 Sic
239 1091 316 1154 ergo
330 1071 498 1136 dicendum
511 1073 596 1152 qudd
609 1070 738 1151 quando
751 1074 841 1134 aetus
856 1087 922 1131 ex·
975 1070 1061 1131 addit
1074 1069 1106 1131 in
1122 1071 1263 1134 bonitate
1277 1072 1328 1134 vel
1341 1072 1463 1136 malitia
1475 1091 1574 1154 super
1585 1078 1691 1138 actum
1707 1077 1764 1137 in-

132 1151 236 1214 terior
259 1156 309 1215 est
320 1155 424 1214 bonus
446 1151 498 1215 vel
515 1152 619 1212 malus
634 1147 738 1212 solirm
753 1168 793 1210 ex
810 1148 922 1210 ordine
973 1148 1134 1210 teriorem.

132 1231 176 1292 ad
193 1230 300 1306 linem,
322 1236 398 1292 tunc
409 1235 457 1293 est
470 1229 600 1292 omniuo
615 1228 726 1292 eadem
743 1227 870 1289 bonitas
892 1231 924 1288 et
1014 1227 1044 1288 3.
1059 1227 1226 1300 Praeterea,
1236 1231 1301 1291 tota
1312 1229 1438 1292 bonitas
1451 1234 1607 1293 creatura
1617 1231 1697 1292 nihil
1709 1231 1764 1294 ad-

132 1309 256 1370 malitia
270 1309 359 1374 actds
373 1309 568 1382 voluntatis,
590 1325 662 1386 qua
676 1325 734 1387 per
748 1323 782 1368 se
794 1303 924 1384 respicit
974 1303 1020 1366 dit
1034 1323 1131 1384 supra
1152 1307 1325 1370 bonitatem
1341 1306 1493 1380 divinam,
1507 1310 1585 1388 quia
1601 1312 1668 1372 tota
1682 1310 1764 1372 deri·

132 1386 388 1460 linem‚etaetds
412 1386 592 1461 exterioris,
610 1385 666 1464 qui
683 1383 923 1462 respicitllneru
974 1383 1108 1447 satura
1135 1386 1274 1448 bonitale
1297 1385 1416 1449 divina.
1443 1386 1502 1448 Sed
1526 1387 1650 1450 bonitas
1673 1389 1763 1452 actds

132 1467 293 1529 irradiante
307 1471 381 1530 actu
400 1467 585 1528 voluntatis.
601 1462 680 1528 cum
701 1468 809 1541 autem
829 1466 920 1525 actus
975 1464 1144 1526 exterioris
1163 1463 1357 1543 quandoque
1373 1469 1438 1526 tota
1458 1464 1622 1527 derivatur
1641 1485 1683 1530 ex
1704 1469 1765 1529 bo-

132 1545 278 1607 exterior
288 1545 388 1607 habet
397 1545 571 1608 bonitatem
584 1543 635 1605 vel
645 1541 798 1604 malitiam
810 1559 924 1603 secun·
976 1541 1075 1605 nitate
1097 1539 1186 1604 actds
1210 1542 1387 1618 interioris,
1407 1544 1602 1622 quandoque
1623 1551 1764 1608 auterno

132 1621 211 1683 diua
225 1641 272 1697 se,
288 1624 408 1686 seilicet
422 1621 597 1686 secundum
610 1621 778 1684 materiam
793 1621 842 1684 vel
855 1619 924 1682 cir·
975 1637 1144 1690 converso,
1159 1624 1195 1681 ut
1209 1621 1327 1683 dictum
1344 1625 1393 1684 est
1413 1627 1474 1682 art.
1492 1639 1587 1701 prese.
1602 1622 1672 1684 Non
1687 1642 1763 1704 ergo

132 1702 373 1776 constantiam,
394 1706 471 1764 tunc
488 1702 614 1764 bonitas
636 1699 804 1763 exterioris
832 1697 922 1762 actds
974 1715 1075 1762 unum
1089 1715 1201 1760 eorum
1215 1699 1300 1763 addit
1312 1699 1345 1762 in
1360 1699 1502 1762 bonitate
1513 1700 1564 1763 rel
1578 1702 1764 1765 malitidsu·

132 1783 270 1852 estana,
282 1785 314 1842 et
325 1780 646 1853 nonitasrotuntatts,
657 1781 835 1858 queestex
846 1775 921 1852 line,
974 1779 1194 1856 peralterum.

132 1862 185 1920 est
196 1859 277 1931 alia;
293 1861 338 1921 ita
353 1863 460 1922 tamen
478 1858 565 1938 qudd
578 1859 704 1922 bonitas
717 1855 789 1918 linis
804 1873 846 1918 ex
867 1873 923 1917 vo-
1014 1853 1073 1918 Sed
1085 1859 1208 1929 eontra,
1229 1871 1324 1918 omne
1338 1872 1435 1936 agens
1456 1856 1590 1920 intendit
1609 1859 1764 1940 consequi

131 1937 257 2001 luntate
268 1937 424 2000 redundat
435 1939 468 1998 in
484 1943 590 2010 actum
600 1935 809 2007 exteriorem,
821 1935 924 1998 etho-
974 1933 1108 2008 bouum,
1129 1939 1161 1996 et
1180 1935 1280 1997 vitare
1292 1935 1423 1996 malum.
1440 1933 1472 1996 Si
1491 1953 1567 2014 ergo
1582 1953 1640 2015 per
1657 1943 1763 2000 actum

84 2079 94 2088 ,
132 2015 217 2078 nitas
235 2016 376 2079 materia
389 2021 420 2080 et
432 2016 746 2078 circumstantiarum
765 2012 923 2076 redundat
974 2013 1166 2075 exteriorem
1176 2013 1256 2074 nihil
1266 2013 1391 2076 additur
1402 2013 1441 2074 de
1454 2013 1595 2077 bonitate
1611 2015 1660 2078 rel
1672 2017 1764 2079 mali-

132 2094 165 2154 in
181 2098 287 2158 actum
299 2095 484 2170 voluntatis,
497 2093 778 2176 sicutjamdictum
788 2097 848 2167 est,
859 2097 920 2154 art.
973 2090 1030 2162 tid,
1050 2091 1166 2154 frustra
1183 2093 1238 2171 qui
1253 2092 1348 2155 habel
1362 2093 1479 2154 bonam
1500 2093 1697 2156 voluntatem
1713 2095 1763 2158 vel

134 2173 334 2252 lhn'usqu.
784 2208 788 2214 -
973 2171 1426 2249 malam,lacitopnshonum,
1441 2169 1763 2238 autdesistitdmale

172 2193 224 2312 Ad
236 2254 377 2330 primum
390 2269 467 2332 ergo
486 2251 651 2314 dicendum
663 2249 749 2330 qued
765 2250 847 2313 ratio
866 2249 923 2312 illa
973 2264 1071 2328 opere
1083 2269 1091 2322 3
1103 2249 1188 2329 quod
1199 2255 1246 2310 est
1259 2249 1499 2312 inconveniens.

131 2333 248 2406 probat
265 2329 350 2409 qudd
365 2335 457 2393 actus
476 2331 610 2392 interior
633 2333 664 2392 et
689 2329 830 2391 exterior
847 2331 923 2390 sunt
1013 2328 1199 2406 despondeo
1212 2327 1378 2390 dicendum
1397 2327 1483 2406 quod
1498 2327 1525 2390 si
1540 2328 1713 2408 loquamur
1724 2329 1763 2393 de

132 2407 250 2470 diversi
264 2407 440 2470 secundum
461 2425 562 2487 genus
581 2413 722 2480 naturm3
739 2407 793 2469 sed
815 2411 922 2468 tanren
973 2405 1117 2468 bonitate
1129 2406 1299 2468 exterioris
1312 2405 1414 2480 actds,
1427 2422 1527 2484 quarn
1540 2407 1637 2472 habet
1653 2425 1694 2469 ex
1708 2409 1764 2472 bo·

132 2486 234 2546 exeis
250 2485 296 2548 sic
309 2486 444 2548 diversis
453 2487 659 2549 constituitur
669 2503 769 2546 unum
785 2485 817 2545 iu
828 2501 924 2562 gene·
974 2483 1168 2560 altercante,
1183 2489 1258 2546 tunc
1272 2489 1362 2546 actus
1376 2487 1518 2546 exterior
1534 2485 1615 2547 nihil
1628 2485 1714 2549 addit
1723 2487 1763 2550 ad

133 2565 286 2639 remoris,
297 2568 334 2625 ut
344 2563 632 2644 supradictumest,
642 2569 754 2704 quast.
765 2563 881 2624 liant.
890 2559 921 2624 l.
974 2560 1160 2636 bonitatem,
1181 2563 1243 2623 nisi
1262 2562 1424 2641 contingat
1443 2564 1545 2641 ipsam
1564 2564 1765 2628 uoluntatem

173 2643 220 2702 Ad
234 2643 411 2704 seeundum
423 2642 592 2704 dicendum
628 2659 650 2705 u
673 2641 704 2712 d,
715 2640 924 2702 sicutdicitur
975 2637 1148 2702 secundum
1162 2659 1195 2702 se
1212 2639 1281 2702 lieri
1299 2641 1464 2721 meliorem
1475 2641 1508 2702 in
1520 2639 1626 2717 bonis,
1642 2643 1693 2706 vel
1705 2662 1764 2722 pe-

130 2661 633 2803 indEtlrie.,cap.12,parrim3
653 2719 775 2799 prino,
789 2719 922 2781 virtutes
970 2716 1075 2799 jerem
1090 2719 1123 2780 in
1138 2718 1242 2782 malis.
1261 2718 1352 2792 Orrod
1372 2719 1502 2798 quidem
1524 2720 1647 2782 ridetur
1669 2737 1764 2801 posse

130 2799 270 2861 morales
286 2799 479 2862 ordinantur
492 2799 530 2862 ad
546 2797 633 2878 ipsos
646 2803 736 2861 actus
749 2797 920 2876 virtutum,
973 2796 1158 2876 contingere
1176 2798 1342 2876 tripliciter
1357 2818 1365 2858 ε
1379 2813 1446 2858 rrno
1469 2796 1564 2860 modo
1586 2796 1764 2862 secundum

128 2879 187 2954 qui
204 2882 280 2940 sunt
296 2878 391 2957 quasi
406 2879 506 2952 lines;
522 2877 694 2957 prudentia
706 2881 833 2948 autem,
849 2893 921 2955 quae
973 2893 1156 2948 numerum,
1177 2875 1255 2955 puta
1267 2873 1341 2938 crim
1355 2875 1473 2954 aliquis
1488 2875 1558 2939 vult
1574 2878 1696 2957 aliquid
1710 2877 1765 2942 la-

129 2960 180 3017 est
201 2957 233 3017 in
248 2957 386 3031 ratione,
403 2958 444 3019 ad
460 2973 498 3020 ea
513 2975 585 3036 quas
608 2960 685 3018 sunt
708 2955 746 3016 ad
762 2953 870 3026 linem,
890 2955 922 3017 et
973 2971 1044 3016 cere
1058 2955 1142 3016 bono
1160 2953 1224 3017 line
1235 2956 1286 3017 rel
1298 2955 1395 3028 malo,
1412 2959 1443 3018 et
1455 2957 1533 3018 tunc
1552 2956 1681 3034 quidem
1698 2973 1763 3017 non

129 3041 264 3173 gropter
290 3037 351 3098 hoc
377 3037 591 3114 requiruntur
616 3035 751 3096 diverse
773 3035 919 3096 virtutes.
973 3030 1636 3112 lacit‚postmodi1mautemvultetlacit3
1657 3034 1765 3113 dupli-

154 3113 191 3174 ed
205 3116 289 3176 ratio
303 3117 391 3178 recta
403 3114 441 3176 de
451 3113 522 3193 ipso
533 3113 596 3176 tine
607 3114 762 3175 virtutum
773 3128 838 3172 non
856 3112 922 3174 ha·
972 3116 1164 3174 cataractus
1177 3112 1360 3184 voluntatis,
1371 3111 1454 3174 etsie
1466 3111 1500 3174 lit
1513 3112 1631 3192 duplex
1642 3115 1764 3175 bonum

129 3192 185 3253 bet
197 3193 293 3254 aliam
307 3194 480 3256 bonitatem
490 3189 771 3272 quambenitatem
782 3190 919 3262 virtutis,
973 3190 1025 3251 vel
1046 3189 1165 3284 duplex
1186 3192 1319 3253 malurn.
1342 3190 1414 3252 Alio
1435 3191 1528 3252 modo
1549 3188 1707 3270 quantum
1723 3189 1763 3254 ad

128 3271 403 3364 secundumqudd
418 3271 544 3346 bonitas
560 3270 692 3333 rationis
711 3269 922 3350 participatur
972 3271 1193 3362 extensionem
1216 3289 1225 3326 ε
1247 3265 1325 3347 puta
1346 3265 1418 3331 eiam
1442 3270 1559 3348 aliquis
1574 3271 1642 3332 vult
1660 3271 1764 3364 lacere

128 3349 542 3491 utilitatis...
556 3427 642 3506 ...n
656 3423 786 3506 ...ne
799 3423 920 3503 nque
972 3347 1764 3504 tltitiliusllitiliiltsttitiiilliil

128 3525 175 3566 ex
187 3524 252 3568 uno
274 3507 438 3570 derivatur
458 3508 491 3568 in
514 3507 650 3568 alterurn
669 3506 750 3567 sicut
763 3522 804 3566 ex
822 3503 921 3568 causa
971 3507 1093 3564 motum
1113 3504 1300 3578 voluntatis,
1340 3521 1523 3582 uousqueo
1546 3523 1584 3567 us
1601 3505 1761 3584 perficiat,

130 3589 247 3664 agente
271 3585 423 3659 univoca,
446 3589 523 3648 tunc
543 3584 629 3647 aliud
649 3581 794 3660 estquod
816 3581 920 3674 estuin
971 3581 1175 3674 manifestum
1189 3579 1237 3643 est
1252 3523 1338 3662 quod
1354 3523 1699 3662 huiusmodfvotnntas
1716 3588 1764 3645 est

129 3661 480 3742 utroque;sicutci1m
502 3663 640 3726 calidum
662 3661 818 3732 calelaeit,
836 3659 919 3724 alsus
971 3659 1155 3722 diuturnior
1177 3659 1210 3720 in
1233 3661 1320 3723 bono
1338 3662 1388 3723 vel
1411 3663 1512 3733 malo;
1532 3666 1563 3724 et
1586 3657 1761 3723 secundum

132 3759 267 3804 nermero
288 3748 337 3806 est
359 3741 449 3804 calor
466 3741 693 3813 calefacientis,
715 3745 747 3799 et
760 3739 849 3800 calor
863 3755 922 3800 ca-
970 3737 1032 3800 lroc
1044 3744 1091 3799 est
1103 3739 1194 3817 pejor
1205 3740 1257 3802 rel
1268 3740 1392 3800 melior.
1406 3738 1513 3800 Tertio
1531 3735 1765 3801 secundrlmin-

129 3819 248 3892 leiacti,
270 3820 344 3882 licet
363 3821 447 3882 idem
469 3821 510 3880 sit
529 3821 561 3881 in
580 3819 696 3912 specie.
711 3817 770 3888 Sed
790 3817 920 3894 quando
972 3816 1162 3908 tensionem3
1172 3821 1247 3878 sunt
1255 3815 1475 3952 enimquidam
1487 3819 1577 3878 actus
1586 3817 1762 3879 exteriores

130 3898 251 3975 aliquid
273 3899 440 3961 derivatur
455 3900 497 3960 ab
511 3914 577 3958 uno
595 3914 628 3957 ιο
644 3896 780 3958 alterum
798 3912 921 3956 secun-
971 3911 1026 3973 qur
1042 3894 1075 3954 in
1090 3898 1247 3971 quantum
1258 3898 1334 3955 sunt
1370 3893 1549 3957 electubilcs
1564 3894 1761 3973 relpoenosi,

130 3973 206 4037 ddm
226 3978 409 4057 analogiam
432 3977 481 4038 vel
506 3974 758 4068 proportionem,
780 3977 858 4034 tnnc
872 3975 920 4033 est
971 3971 1125 4032 natisunt
1139 3971 1302 4034 intendere
1317 3971 1573 4035 voluntatemve}
1587 3973 1761 4036 remittere.

131 4055 256 4117 tantum
271 4074 372 4117 unum
385 4071 537 4126 numero;
551 4056 635 4114 sicut
646 4049 666 4115 a
676 4068 757 4114 sano
772 4050 857 4129 quod
872 4055 920 4112 est
971 4049 1104 4112 Constat
1124 4054 1229 4110 autem
1244 4048 1328 4128 quod
1345 4050 1467 4127 quanto
1487 4052 1638 4113 voluntas
1653 4050 1764 4114 inten-

130 4133 166 4272 ἔῃ
181 4151 320 4273 corporet
326 4133 486 4228 animalis,
502 4131 801 4272 ᾱοοὶνιοὲοοᾶεοᾶοοὲ
803 4129 843 4268 {rtd
846 4147 920 4269 ὧηθο-
970 4125 1156 4268 ssssfpfffffq‘
1176 4127 1353 4268 inoqonum
1375 4128 1427 4193 vel
1446 4130 1583 4204 malum,
1605 4129 1694 4194 tante
1714 4135 1764 4192 est

153 4230 306 4276 rexnamc
333 4227 608 4284 ursnam;necar
645 4227 714 4272 sar
751 4227 766 4268 s
1254 4251 1261 4267 .

131 4291 243 4352 dicinae
255 4294 287 4352 et
301 4291 402 4354 urinae
411 4287 635 4367 quamsanitas
648 4285 808 4359 animalis,
821 4301 919 4364 quam
1010 4283 1041 4346 Si
1055 4224 1348 4363 autemieojquamur
1360 4284 1398 4348 de
1411 4286 1554 4349 bonitate
1564 4284 1653 4348 actds
1665 4289 1764 4348 exte·

130 4369 385 4443 medicinalaeit,
398 4365 920 4446 et.urinasignilicat.Ethocmo·
970 4362 1086 4438 rioris,
1109 4379 1206 4456 quam
1225 4365 1323 4425 habet
1339 4361 1515 4428 secuudum
1537 4365 1705 4425 materiam
1730 4367 1762 4426 et

130 4447 171 4508 do
195 4445 216 4512 d
242 4449 386 4510 bonitate
407 4445 580 4508 voluntatis
608 4445 771 4506 derivatur
793 4443 918 4506 bonitas
971 4441 1092 4504 debitas
1103 4441 1370 4516 circumstantias,
1382 4443 1428 4504 sic
1441 4447 1646 4520 comparatur
1656 4441 1695 4503 ad
1704 4459 1761 4500 vo·

130 4524 221 4588 actds
232 4526 413 4599 exterioris,
429 4524 667 4595 etdconverso,
678 4522 920 4585 scilicetsecun·
971 4521 1127 4582 luntatem
1146 4525 1183 4580 ut
1200 4520 1357 4580 terminus
1380 4525 1412 4581 et
1425 4519 1515 4592 linis3
1538 4523 1569 4580 et
1584 4519 1646 4580 lroe
1666 4520 1762 4580 mode

131 4600 207 4666 ditm
220 4605 365 4667 ordinem
379 4603 476 4666 unius
487 4600 527 4664 ad
540 4603 688 4663 alterurn.
971 4599 1057 4662 addit
1068 4598 1106 4660 ad
1128 4597 1303 4658 bonitatem
1320 4597 1372 4656 rel
1389 4597 1545 4658 malitiam
1562 4597 1759 4660 voluntatis:

129 4684 310 4746 'laricanus
327 4677 541 4744 rv.-Utrdm
552 4687 639 4740 actus
650 4677 789 4739 exterior
799 4675 921 4758 aliquid
971 4677 1048 4755 quia
1071 4675 1176 4736 omnis
1200 4673 1366 4736 inclinatio
1389 4676 1439 4737 rel
1465 4677 1570 4734 motus
1597 4672 1762 4813 qerlicitur

170 4761 265 4824 οάἀοε
275 4759 457 4824 delenitate
468 4756 643 4820 selmaiitid
651 4773 749 4836 supra
759 4764 862 4816 acirim
870 4755 920 4816 io-
971 4755 1005 4816 in
1024 4755 1085 4816 hoc
1098 4751 1183 4831 quod
1203 4749 1413 4830 consequitur
1430 4750 1549 4826 linem,
1565 4769 1601 4815 re
1633 4752 1762 4834 attingit

171 4840 325 4902 tortorem.
341 4873 380 4884 -
394 4836 484 4975 (Ιοέ,
500 4843 606 4916 quast.
621 4833 672 4907 il,
687 4841 749 4895 nrt.
765 4833 800 4907 3,
817 4851 918 4912 corp„
971 4831 1157 4900 terminum.
1467 4917 1468 4922 η

171 4924 198 4978 et
208 4917 282 4989 2-2,
296 4925 402 4998 quest.
419 4917 439 4976 7
462 4959 471 4989 ,
487 4922 549 4975 art.
563 4911 594 4988 lt,
608 4913 649 4975 ad
663 4911 694 4986 Ξ,
710 4920 738 4972 et
749 4911 780 4982 2,
801 4911 875 4973 dist.
886 4911 918 4988 i,
1010 4909 1099 4972 Unde
1115 4925 1181 4970 non
1195 4909 1244 4970 est
1256 4907 1396 4988 perlecta
1412 4907 1562 4971 voluntas
1577 4907 1640 4968 nisi
1650 4907 1693 4970 sit
1704 4911 1763 4972 ta-

170 5003 232 5058 urt.
246 4995 276 5072 3,
293 5004 321 5057 et
336 4994 535 5075 Mal.quoest.
550 4990 582 5066 i,
599 4999 661 5054 ert.
678 4990 709 5065 2,
721 4989 762 5052 cd
773 4987 803 5050 8.
969 4986 1011 5051 lis
1028 5003 1101 5065 queo
1112 4987 1350 5065 opportunitate
1362 4985 1437 5050 data
1454 4992 1617 5064 operetur.
1639 4987 1671 5049 si
1684 4987 1761 5050 rerd

175 5074 222 5134 Ad
250 5078 402 5152 quartum
434 5073 480 5133 sic
512 5071 706 5149 proceditur.
734 5068 763 5129 1.
817 5067 921 5130 idetnr
971 5065 1166 5146 possibilitas
1176 5063 1760 5204 desit,voluntaleexistenteperleetd.

131 5151 217 5232 quod
231 5151 372 5214 exterior
383 5153 471 5213 actus
484 5165 549 5210 non
563 5146 656 5209 addat
667 5147 701 5208 in
711 5144 853 5208 bonitate
869 5147 919 5209 vel
970 5149 1006 5208 ut
1016 5147 1216 5222 operaretur,
1228 5143 1255 5204 si
1264 5147 1383 5223 posset,
1393 5143 1532 5206 delectus
1542 5159 1600 5222 per
1611 5145 1761 5216 sotionis,

132 5229 254 5293 malitia
270 5247 370 5309 supra
390 5234 496 5291 actum
516 5227 713 5304 interiorem.
736 5223 819 5286 Dicit
833 5223 919 5285 enim
971 5240 1044 5304 qum
1057 5225 1105 5284 est
1120 5238 1161 5282 ex
1177 5228 1252 5284 actu
1266 5222 1430 5294 exteriori,
1445 5226 1494 5284 est
1508 5221 1694 5300 simpliciter
1708 5223 1761 5282 in·

131 5307 388 5387 chrysostomus,
399 5305 630 5385 supchatth.,
642 5305 729 5365 hora.
742 5302 791 5376 19,
803 5299 919 5380 partlm
971 5299 1184 5364 voluntarius.
1202 5299 1458 5363 lnroluntarium
1472 5305 1579 5360 autem
1598 5301 1681 5362 sicut
1694 5316 1760 5360 non

131 5385 291 5465 durinc:
311 5385 463 5450 Voluntas
482 5389 526 5444 eet
544 5401 610 5462 que
630 5389 687 5443 eut
704 5388 921 5443 remuneratur
970 5384 1112 5440 meretur
1134 5395 1262 5456 omnam
1284 5380 1335 5442 rel
1358 5378 1522 5457 praemium
1545 5376 1578 5437 in
1598 5377 1760 5454 operando

130 5482 189 5544 pro
207 5463 298 5535 dono,
318 5472 373 5526 out
390 5461 611 5526 condemnetur
625 5477 687 5540 pro
703 5457 797 5520 mulo
813 5457 919 5536 Opera
971 5457 1091 5518 bonum
1107 5461 1163 5518 aut
1182 5455 1314 5532 malum,
1331 5457 1377 5520 ita
1399 5472 1464 5518 uon
1477 5455 1559 5516 tollit
1579 5455 1700 5532 aliquid
1721 5453 1759 5514 de

132 5548 239 5605 autem
258 5542 439 5606 testimonia
456 5543 532 5602 sunt
552 5537 737 5601 voluntatis.
757 5537 828 5597 Non
842 5553 919 5616 ergo
970 5535 1101 5614 praemio
1121 5534 1227 5597 uelde
1300 5533 1354 5606 nd,
1375 5534 1403 5596 si
1429 5533 1525 5594 homo
1543 5530 1760 5596 involuntario

131 5622 247 5698 querit
258 5622 344 5684 Deus
359 5635 458 5699 opera
474 5621 605 5697 propter
626 5635 672 5689 se,
686 5618 721 5677 ut
737 5613 817 5678 sciat
834 5631 920 5706 quo-
972 5613 1157 5692 simpliciter
1171 5611 1354 5700 dederatad
1375 5609 1554 5674 laciendum
1570 5611 1691 5671 bonum
1711 5607 1760 5672 rel

132 5697 434 5780 modoinumque
450 5695 687 5776 propteralios,
699 5695 735 5768 nt
746 5710 857 5755 omnes
870 5709 920 5753 rn-
971 5691 1098 5753 malum.
