4004 6346
241 284 297 387 aas
702 319 1403 386 sunuavuaouocuararuasecuvnn.
1830 329 1888 392 eso

240 457 300 521 per
312 449 415 504 unum
426 442 531 520 potest
542 437 657 502 lacere.
680 435 739 500 Sed
754 435 904 515 potentia
917 435 1033 499 anima
1085 437 1237 515 potentiis
1250 443 1356 518 potest
1369 459 1440 504 esse
1451 441 1580 506 habitus
1594 439 1752 508 naturalis
1766 461 1888 510 secan·

241 524 318 584 sunt
333 518 353 584 l
367 518 495 583 natura.
509 519 540 582 Si
555 519 655 598 igitur
671 517 801 580 babitus
816 516 1033 596 potentiarum
1085 514 1161 578 dhm
1172 518 1409 581 inchoationem
1419 521 1634 584 etsecundirm
1648 527 1799 590 naturam
1812 544 1888 604 spe-

241 595 393 664 enatura
413 605 537 676 essent,
559 598 688 662 habitus
705 602 738 660 et
757 597 902 676 potentia
925 599 1034 662 essent
1086 597 1146 658 cini
1160 599 1384 662 et'secundhm
1402 607 1552 664 naturam
1574 600 1743 666 individui.
1757 603 1888 668 Secun-

241 695 354 741 eeem,
1086 675 1161 740 diam
1177 677 1305 756 quidem
1319 682 1467 742 naturam
1484 682 1601 760 speciei
1617 687 1764 762 exparte
1779 685 1887 764 ipsius

279 759 310 819 3.
333 761 502 834 Preterca,
516 761 634 822 natura
648 775 714 820 non
725 756 830 820 delicit
840 756 875 818 iu
885 771 1034 818 necessa·
1086 757 1213 830 anima,
1230 758 1313 820 sicut
1324 759 1503 822 intellectus
1517 762 1750 841 principiorum
1765 763 1889 826 dicitur

239 838 309 900 riis.
323 838 383 902 Sed
394 839 524 902 habitus
537 841 612 901 sunt
627 837 801 900 necessarii
812 836 852 899 ad
864 834 945 899 bend
957 851 1034 913 ope-
1086 853 1158 900 esse
1176 835 1305 902 habitus
1319 839 1493 914 naturalis;
1517 859 1558 904 ex
1574 840 1645 920 ipsa
1659 842 1745 904 enim
1762 842 1888 906 natura

239 916 436 994 randum‚ut
453 936 552 998 supra
572 917 763 992 dictumest,
783 932 839 995 qu.
857 914 908 987 tt),
923 919 985 977 art.
1001 912 1031 974 lv.
1086 915 1203 978 animm
1230 917 1454 982 intellectualis
1476 922 1628 986 convenit
1650 921 1772 983 homini
1796 922 1905 1001 qubd'

239 997 382 1078 Siigitur
396 999 525 1062 habitus
537 999 638 1075 aliqui
652 1000 759 1059 essent
773 992 933 1066 enatura,
946 992 1034 1056 vide·
1087 991 1194 1058 statim
1217 997 1344 1077 cognito
1372 998 1514 1078 quidest
1536 1005 1655 1074 totum,
1678 1005 1710 1064 ct
1732 1001 1811 1081 quid
1839 1009 1888 1065 cst

239 1082 294 1140 tar
314 1078 402 1157 qubd
422 1085 539 1142 natura
558 1095 626 1140 non
647 1077 797 1138 deiiceret
818 1076 898 1153 quin
921 1090 1032 1136 omnes
1085 1091 1173 1154 pars,
1195 1082 1368 1156 cognoscat
1386 1079 1472 1156 qubd
1490 1097 1584 1143 omne
1599 1084 1700 1142 totum
1714 1088 1760 1143 est
1775 1083 1887 1162 majus

239 1157 370 1221 babitus
395 1158 596 1221 necessarios
620 1159 781 1222 causarel.
811 1155 901 1218 Patet
924 1156 1033 1216 autem
1086 1153 1147 1218 sud
1163 1161 1272 1234 pariet
1297 1161 1328 1219 et
1348 1158 1452 1220 simile
1467 1164 1516 1222 est
1531 1161 1562 1220 in
1578 1161 1712 1222 caeleris.
1728 1160 1787 1223 Sed
1803 1162 1888 1240 quid

239 1235 303 1298 hoc
314 1255 386 1300 esse
398 1238 532 1314 ialsum3
545 1255 624 1319 ergo
637 1236 766 1302 habitus
782 1251 849 1298 uon
866 1236 916 1298 est
930 1231 951 1296 d
968 1249 1034 1296 na·
1086 1235 1128 1299 sit
1140 1238 1240 1296 totum
1253 1241 1283 1298 et
1296 1238 1372 1316 quid
1385 1238 1427 1298 sit
1438 1256 1512 1317 pars
1529 1257 1723 1319 cognoscere
1736 1258 1803 1302 nou
1817 1258 1890 1320 po-

239 1319 325 1380 tura.
1085 1315 1147 1376 test
1167 1315 1228 1376 nisi
1245 1335 1303 1394 per
1324 1317 1445 1394 species
1466 1319 1682 1399 intelligibiles
1699 1317 1719 1382 tl
1737 1320 1891 1400 phanta-

279 1396 339 1458 Sed
355 1402 467 1461 contra
484 1402 534 1460 est
546 1396 634 1476 qabd
647 1394 809 1468 iraath,
821 1410 892 1472 cap.
906 1389 937 1466 6,
949 1391 1034 1453 inter
1086 1395 1241 1457 omatibus
1265 1399 1423 1474 acceptas.
1439 1397 1478 1460 Et
1493 1403 1623 1478 propter
1648 1398 1710 1461 hoc
1731 1399 1889 1463 Philoso-

239 1472 1032 1566 alioshabitusponiturintellectorprincipiorum.
1086 1471 1181 1552 phus,
1199 1474 1233 1535 in
1257 1473 1321 1535 line
1345 1477 1573 1552 Posteriorum,
1600 1481 1679 1540 text.
1704 1479 1776 1552 ult,
1804 1480 1887 1544 circ.

239 1557 355 1636 quiost
369 1555 390 1620 d
403 1555 537 1630 naturd3
554 1557 641 1618 unde
653 1558 686 1616 et
697 1554 856 1633 principia
868 1552 973 1631 prima
987 1550 1034 1614 dt·
1086 1553 1193 1625 med,
1217 1555 1354 1616 ostendit
1376 1555 1462 1634 qubd
1483 1557 1624 1638 cognitio
1648 1556 1890 1638 principiorum

238 1641 357 1699 cuntur
370 1637 563 1700 naturaliter
574 1635 714 1716 cognita.
1085 1633 1234 1712 provenit
1248 1635 1341 1697 nobis
1354 1653 1395 1698 ex
1412 1653 1521 1698 sensu.
1539 1633 1720 1700 Secundum
1734 1637 1810 1700 verb
1830 1656 1891 1702 na·

279 1715 469 1796 Respondeo
489 1716 661 1778 dicendum
682 1713 769 1794 quod
791 1710 914 1790 aliquid
929 1712 1034 1789 polest
1085 1718 1192 1776 turam
1205 1711 1362 1776 individui
1377 1717 1426 1776 est
1440 1716 1558 1795 aliquis
1571 1716 1700 1780 habitus
1711 1721 1892 1856 coquosci-

242 1813 315 1858 esse
338 1797 488 1858 naturale
511 1795 608 1857 alicui
631 1793 800 1872 dupliciter
820 1811 827 1850 ε
850 1807 918 1854 uuo
938 1789 1033 1850 modo
1085 1792 1170 1857 tivus
1187 1791 1362 1856 secundirm
1378 1793 1616 1858 inchoationem
1634 1802 1753 1858 natura
1767 1815 1838 1872 om,
1856 1799 1889 1859 in

239 1875 416 1938 ‘secundum
426 1881 578 1938 naturam
590 1873 720 1953 speciei,
732 1873 815 1934 sicut
827 1871 975 1932 naturale
985 1873 1035 1932 est
1086 1878 1244 1950 quantum
1258 1891 1342 1936 unus
1360 1874 1457 1936 homo
1472 1893 1512 1938 ex
1525 1874 1732 1954 dispositione
1746 1892 1891 1958 organo·

238 1954 361 2017 homini
386 1973 456 2018 esse
480 1955 614 2026 risibile,
637 1959 670 2014 et
693 1951 760 2032 igni
786 1950 862 2014 lerri
884 1945 1032 2022 sursum3
1086 1969 1159 2012 rum
1174 1957 1222 2014 est
1238 1953 1339 2033 magis
1361 1959 1455 2031 aptus
1477 1955 1517 2017 ad
1537 1953 1618 2016 bene
1638 1955 1891 2035 intelligendum

237 2035 303 2098 alio
312 2035 407 2096 modo
420 2032 594 2098 secundum
604 2038 753 2096 naturam
764 2029 937 2100 individui;
952 2029 1035 2090 sicut
1086 2033 1184 2110 quam
1199 2033 1294 2106 alius,
1312 2033 1346 2094 in
1360 2038 1518 2112 quantum
1532 2033 1572 2096 ad
1589 2035 1813 2114 operationem
1831 2037 1891 2098 in-

239 2117 389 2177 naturale
403 2122 451 2176 est
464 2114 586 2175 Socrati
602 2113 652 2175 vel
666 2111 791 2174 Platoni
807 2127 877 2172 esse
891 2113 1035 2187 aegrota-
1085 2110 1229 2174 tellecttls
1246 2112 1430 2193 ,indigemus
1453 2113 1623 2176 virtutibus
1645 2113 1824 2178 sensilivis.
1852 2117 1889 2178 ln

237 2194 339 2257 tivum
366 2195 418 2258 vel
443 2193 643 2268 sanativum,
671 2187 848 2254 secundum
868 2189 1034 2266 propriam
1086 2192 1265 2268 appetitivis
1278 2199 1386 2255 autem
1396 2195 1545 2271 potentiis
1558 2211 1622 2255 non
1634 2200 1682 2257 est
1691 2194 1813 2272 aliquis
1833 2195 1891 2258 ba·

239 2274 507 2353 complexionem.
529 2269 653 2334 llursirs
671 2265 847 2332 secundum
859 2273 1033 2344 utramque
1086 2271 1170 2332 bitus
1195 2273 1353 2335 naturalis
1381 2271 1557 2336 secundum
1579 2273 1823 2340 inchoationem
1849 2294 1891 2338 ex

239 2357 389 2416 naturam
403 2352 579 2434 potestdici
594 2349 715 2429 aliquid
730 2349 879 2410 naturale
895 2347 1036 2425 duplici·
1085 2355 1175 2429 parte
1191 2351 1291 2428 ipsius
1304 2352 1430 2425 animae,
1444 2349 1602 2430 quanthm
1623 2353 1662 2414 ad
1677 2353 1782 2432 ipsam
1796 2357 1889 2417 sub-

237 2435 306 2494 ter:
320 2451 388 2495 uno
403 2433 509 2505 modo,
525 2432 604 2510 quia
615 2436 717 2492 totum
729 2434 776 2491 est
788 2426 808 2490 a
820 2425 953 2497 natura3
968 2426 1033 2488 alio
1086 2431 1234 2493 stantiam
1246 2431 1386 2506 habitus,
1397 2431 1450 2494 sed
1460 2429 1566 2494 soliun
1576 2429 1732 2525 quantum
1743 2432 1783 2493 ad
1795 2434 1891 2512 prin·

238 2513 350 2587 modo,
366 2513 444 2591 quia
460 2509 636 2573 secundum
655 2508 778 2586 aliquid
797 2510 846 2568 est
864 2503 883 2568 tl
903 2505 1032 2598 natura,
1086 2509 1535 2590 cipiaquaedamipsius‚sicut
1543 2512 1699 2590 principia
1705 2511 1789 2591 juris
1799 2531 1892 2574 corn·

239 2595 271 2653 ct
285 2591 460 2655 secundum
479 2589 601 2668 aliquid
624 2594 673 2652 est
686 2590 727 2650 ab
740 2585 892 2650 exteriori
907 2587 1035 2663 prinu-
1086 2590 1767 2652 munisdicunturesseseminotiooirtutum.
1777 2591 1892 2657 Ethoc

236 2671 302 2751 pio,
326 2672 409 2734 sicul
427 2671 500 2734 cium
513 2669 631 2746 aliquis
650 2671 785 2732 sanatur
800 2684 856 2744 per
873 2667 1028 2755 scipsum,
1086 2668 1157 2731 ided
1169 2671 1247 2748 quia
1261 2671 1427 2732 inclinatio
1442 2669 1483 2732 ad
1495 2671 1619 2748 objectu
1633 2671 1788 2750 propria,
1814 2689 1892 2768 qua

238 2754 305 2814 tota
319 2753 442 2814 sanitas
458 2756 506 2811 cst
519 2747 540 2813 d
554 2748 689 2819 naturdt
708 2744 781 2809 ciun
795 2750 904 2806 autem
915 2745 1032 2821 aliquis
1087 2749 1212 2810 videtur
1231 2768 1301 2812 esse
1318 2749 1482 2812 inchoatio
1498 2747 1647 2824 habitus,
1663 2768 1727 2812 non
1743 2753 1891 2829 pertinet

237 2836 375 2892 sanatur
391 2829 515 2893 auxilio
532 2827 709 2894 medicina,
723 2825 844 2888 sanitas
856 2825 972 2901 partim
985 2828 1035 2886 est
1086 2827 1125 2890 ad
1141 2828 1298 2900 habitum,
1314 2829 1368 2890 sed
1384 2829 1485 2910 magis
1502 2830 1640 2906 pertinet
1654 2829 1692 2891 ad
1704 2830 1814 2908 ipsam
1830 2848 1891 2894 ra-

236 2907 399 2984 analurtl,
415 2909 534 2990 partim
548 2909 590 2970 ab
605 2905 759 2969 eitteriori
774 2904 944 2982 principia.
1085 2908 1205 2968 tionem
1228 2907 1455 2988 potentiarum.
1480 2907 1539 2969 Sed
1563 2927 1603 2968 ex
1624 2913 1713 2988 parte
1736 2912 1890 2988 corporis

276 2989 309 3050 si
330 2991 431 3070 igitur
453 2989 627 3068 loquamur
653 2985 691 3046 de
718 2983 830 3046 habitu
857 2979 1034 3044 secundum
1084 2984 1264 3048 secundum
1282 2993 1430 3050 naturam
1445 2987 1599 3048 individui
1616 2993 1691 3048 sunt
1704 2988 1810 3068 aliqui
1830 2990 1892 3054 ba-

236 3067 322 3148 qubvl
340 3073 389 3132 est
402 3067 569 3148 dispositio
584 3064 720 3146 subjecti
738 3062 897 3126 inordina
913 3061 953 3122 ed
967 3061 1036 3124 lor·
1087 3067 1171 3129 bitus
1186 3067 1350 3146 appetitivi
1364 3065 1538 3129 secundiani
1552 3067 1773 3130 inchoationes
1790 3074 1891 3131 natu·

237 3165 342 3222 mam,
367 3149 418 3210 vel
443 3151 614 3217 naturam,
642 3144 788 3223 quolibet
810 3141 1034 3221 predictorum
1085 3147 1188 3219 rales3
1205 3153 1279 3208 sunt
1290 3147 1376 3208 enim
1390 3146 1520 3224 quidam
1535 3147 1680 3224 dispositi
1694 3165 1735 3208 ex
1751 3149 1891 3228 propria

236 3226 403 3289 modorum
416 3226 524 3289 contin
548 3226 572 3286 it
588 3226 731 3288 habitum
748 3240 818 3284 esse
834 3221 1027 3284 naturalem.
1086 3227 1230 3305 eorporis
1246 3225 1468 3306 complexione
1479 3225 1517 3288 ed
1531 3225 1709 3288 castitatem
1724 3227 1779 3288 vet
1794 3246 1891 3293 man.

235 3303 292 3367 list
306 3307 392 3368 enirn
406 3305 517 3384 aliqua
527 3244 694 3384 dispositio
705 3301 875 3374 naturalis,
887 3318 959 3379 quae
974 3300 1033 3360 de·
1087 3305 1299 3378 suetudinem,
1314 3307 1365 3368 vei
1380 3305 1419 3367 ad
1433 3305 1555 3384 aliquid
1567 3305 1765 3386 hujusmodi,

236 3383 331 3448 betur
354 3387 504 3450 humanae
530 3384 666 3464 speciei,
689 3386 781 3446 extra
804 3397 904 3458 quarn
923 3380 1032 3442 nullus
1127 3386 1173 3446 hd
1194 3385 1332 3463 primurn
1352 3403 1428 3464 ergo
1444 3384 1611 3446 dicendum
1635 3384 1721 3463 qubd
1744 3387 1889 3468 objectio

235 3461 334 3527 homo
346 3465 530 3539 inveniturt
552 3465 666 3527 etheo
683 3467 731 3524 est
743 3459 902 3524 naturalis
914 3477 1035 3520 secun·
1086 3464 1143 3526 illa
1156 3464 1298 3542 procedit
1315 3464 1353 3526 de
1367 3465 1485 3528 tratura
1502 3461 1677 3527 secundum
1692 3463 1781 3543 qudd
1795 3467 1890 3530 divi-

235 3541 312 3605 anm
325 3552 474 3609 naturam
489 3544 618 3623 speciei.
635 3542 784 3619 Sedquia
798 3539 871 3602 talis
887 3538 1034 3630 disposi-
1086 3544 1172 3606 ditur
1193 3550 1304 3606 contra
1330 3544 1489 3606 rationem
1514 3546 1546 3605 et
1571 3544 1791 3620 voluntatem
1814 3544 1890 3610 edm

137 3693 141 3700 ¹
234 3622 280 3684 tio
293 3625 466 3703 quamdam
481 3624 681 3686 latitudinem
697 3621 805 3693 habet,
819 3618 1033 3704 coutingrtdi-
1086 3627 1193 3686 iamim
1210 3624 1281 3702 ipsa
1294 3623 1377 3686 ratio
1390 3628 1422 3686 et
1435 3623 1584 3687 voluntas
1598 3623 1637 3686 ad
1650 3627 1805 3688 naturam
1821 3627 1889 3690 ho-

235 3721 345 3768 versos
363 3705 484 3846 Ξταᾱηε
505 3700 690 3784 hujusmodi
713 3698 933 3776 dispositionis
948 3715 1033 3759 con-
1087 3701 1181 3764 minis
1196 3703 1389 3783 pertineant.

236 3784 348 3847 venire
384 3785 497 3847 iversis
516 3781 705 3843 ‘hominibus
728 3774 906 3840 secundum
930 3782 1033 3838 nalu—
1124 3782 1171 3844 hd
1185 3779 1537 3847 socundumdicendum
1550 3781 1769 3862 quddaliquid
1784 3786 1888 3849 eiiam

234 3879 304 3925 ram
320 3863 492 3937 individui;
508 3857 731 3942 elhujusmodi
747 3855 913 3936 dispositio
925 3859 1031 3934 potest
1086 3862 1276 3926 naturaliter
1298 3866 1402 3942 potest
1418 3862 1588 3940 superaddi
1606 3863 1774 3942 potentiae,
1796 3865 1888 3946 quod

233 3959 303 4005 esse
322 3945 374 4006 vel
390 3943 531 4004 totaliter
545 3939 563 4002 d
579 3937 715 4010 natura,
732 3937 783 3998 vel
800 3935 917 4015 partim
933 3933 953 3998 a
968 3953 1031 3998 na·
1084 3947 1193 4006 tamen
1221 3941 1261 4004 ad
1287 3943 1391 4022 ipsam
1420 3941 1596 4021 potentiam
1624 3943 1788 4020 pertinere
1819 3963 1889 4007 non

233 4021 318 4094 tura,
336 4027 368 4084 et
382 4022 498 4101 partim
516 4023 557 4082 ab
580 4017 733 4080 exteriori
757 4015 929 4110 principio,
947 4015 1030 4077 sicut
1084 4029 1205 4104 petest;
1222 4022 1304 4086 sieut
1320 4021 1353 4084 in
1371 4022 1502 4102 Angelis
1518 4039 1583 4082 uon
1599 4025 1704 4100 potest
1718 4023 1887 4102 pertinere

232 4098 420 4163 dictumest
447 4116 547 4179 supra
574 4097 613 4161 de
634 4097 684 4159 his
709 4113 766 4174 qur
793 4098 951 4156 sanentur
971 4113 1030 4173 per
1083 4104 1122 4165 ad
1147 4103 1252 4182 ipsam
1270 4103 1447 4181 potentiam
1471 4101 1701 4164 intellectivam
1724 4102 1817 4180 qudd
1846 4105 1889 4166 sit

231 4184 345 4242 artem.
1081 4201 1187 4262 perse
1203 4182 1419 4260 cognoscitiva
1439 4181 1600 4254 omnium,
1619 4180 1698 4258 quia
1716 4187 1888 4260 oporteret

271 4259 331 4320 Sed
348 4259 476 4322 habilssss
491 4257 547 4351 qui
565 4260 615 4320 0⁸2
627 4253 794 4332 (fislwssilio
809 4252 848 4345 ,ad
863 4253 1029 4344 θρθΐᾶῑῑθ-
1080 4263 1167 4342 qubd
1192 4265 1276 4324 esset
1295 4265 1385 4324 actus
1401 4260 1566 4334 omnium,
1589 4259 1676 4339 quod
1698 4263 1804 4323 solius
1826 4263 1887 4325 Dei

232 4355 317 4415 nem,
335 4339 427 4421 cujus
439 4342 617 4417 subjectum
633 4341 681 4396 cst
695 4338 838 4411 potentia
853 4348 979 4404 ammte,
991 4336 1030 4393 ut
1080 4347 1137 4405 est,
1162 4342 1196 4404 id
1218 4340 1305 4402 euim
1321 4357 1387 4420 que
1409 4339 1530 4418 eliquia
1551 4339 1770 4418 cognescitur,
1785 4357 1889 4422 epee.

232 4417 429 4491 dictumest,
449 4423 563 4502 quest.
580 4414 629 4488 50,
642 4413 779 4476 articulo
793 4412 824 4508 2,
838 4412 942 4490 p0lesl
955 4412 1027 4488 qui·
1079 4426 1124 4480 tet
1147 4440 1218 4482 esse
1241 4421 1401 4482 actualem
1424 4418 1666 4480 similitudinem
1694 4421 1765 4499 ejus
1793 4421 1888 4500 quod

230 4497 301 4560 dem
324 4517 394 4564 esse
420 4498 599 4570 naturalis,
622 4499 653 4556 el
673 4492 850 4554 secundum
876 4495 1025 4552 naturam
1079 4501 1294 4582 cognoscitur.
1326 4499 1415 4562 Unde
1440 4503 1653 4577 sequeretur,
1682 4498 1709 4558 si
1734 4503 1887 4579 potentia

230 4579 362 4658 speciei,
379 4585 410 4642 et
426 4574 604 4641 secundum
618 4577 769 4636 naturam
787 4569 954 4632 individui.
971 4569 1026 4665 ξει-
1078 4581 1191 4660 ,tegete
1230 4599 1288 4660 per
1321 4579 1459 4656 seipsam
1496 4582 1705 4658 cognosceret
1742 4581 1886 4658 ornuia,
1907 4619 1919 4665 .·‚

229 4657 369 4722 cussdslm
384 4656 514 4739 ‘lumem
528 4664 678 4720 flaturam
697 4652 832 4734 llessissir
848 4649 1024 4711 secundum
1077 4660 1163 4738 qubd
1176 4665 1260 4724 esset
1275 4657 1449 4721 similitudo
1464 4661 1495 4720 et
1507 4663 1598 4718 actus
1613 4655 1773 4718 omnium.
1791 4659 1886 4725 Unde
1914 4668 1921 4704 ³

228 4738 315 4817 qubd
338 4757 373 4803 ὅθ
395 4742 481 4802 lenti
501 4757 543 4802 εἰ
564 4740 655 4817 parte
680 4733 782 4812 ipsius
804 4730 931 4800 animle,
951 4747 1025 4807 que
1076 4745 1202 4820 oportet
1217 4737 1304 4817 qudd
1327 4737 1585 4818 superaddantur
1605 4735 1756 4815 potentie
1779 4737 1886 4801 intel-

228 4814 302 4881 ct'tm
319 4819 361 4880 sil
375 4819 478 4881 forma
496 4817 658 4897 corporis,
675 4817 724 4875 ⁰⁵i
736 4810 930 4904 principium
943 4827 1024 4948 ,⁸507
1075 4820 1198 4884 lectivae
1220 4819 1322 4898 ipsius
1353 4817 1470 4896 aliqua
1496 4815 1617 4896 species
1643 4815 1883 4898 intelligibiles,

229 4897 371 4970 cfficllmt
387 4896 840 4961 secunddmfflllemssallllssm
852 4890 951 4952 ¹¹1d1l'l
970 4907 1020 4980 ,¹1¹2
1075 4919 1147 4980 quae
1165 4904 1241 4961 sunl
1260 4897 1485 4960 similitudines
1501 4913 1611 4958 rerum
1624 4893 1884 4974 intellectarum,

229 4981 379 5070 exparte
400 4978 563 5057 corporis,
578 4973 665 5054 quod
680 4977 728 5035 est
748 4970 913 5062 materiale
928 4986 1023 5062 prtu—
1074 4981 1151 5058 quia
1174 4998 1232 5060 per
1257 4977 1537 5070 participationem
1555 4973 1673 5070 divinae
1696 4975 1883 5071 sapientia,

228 5049 1021 5205 ithatilitatllhthhtllt?”llilll
1073 5061 1887 5218 tilieti..thtahlltlihalitilia:

228 5215 291 5278 tini
312 5215 486 5278 ioldlilssrd
511 5213 637 5276 flaturi·
654 5213 690 5273 1ss
709 5210 845 5301 Augilis,
863 5207 1021 5298 siquidum
1072 5218 1111 5280 Et
1130 5221 1176 5283 sic
1191 5221 1279 5298 patet
1293 5215 1380 5297 qudd
1394 5234 1458 5279 non
1476 5233 1571 5276 omne
1588 5213 1618 5275 id
1632 5215 1720 5294 quod
1733 5217 1882 5294 pertinet

227 5296 395 5374 ⁰⁰¹¹fi¹¹ssiir
410 5313 449 5356 ⁹⁰
466 5293 552 5374 qubd
569 5295 687 5356 *labeni
700 5308 822 5368 s90⁰¹pvs
837 5288 1021 5378 ΙῦῑθΗῙΒὼξ·
1072 5297 1110 5362 ad
1132 5299 1278 5362 habitum
1298 5297 1491 5372 naturalem,
1511 5297 1617 5376 potest
1634 5295 1673 5356 ad
1696 5297 1883 5376 potentiam

226 5375 273 5438 les
298 5375 490 5438 naturaliter
513 5373 642 5444 inditas,
665 5369 753 5449 quod
777 5385 841 5430 non
870 5371 1021 5444 competit
1070 5375 1265 5457 petinere·

226 5454 378 5520 humanat
393 5463 527 5524 naturae,
544 5459 579 5516 ut
595 5452 658 5514 ini
678 5449 797 5512 ditium
815 5452 874 5523 lsi,
893 5465 948 5525 qu.
967 5443 1018 5519 55,
1111 5459 1158 5520 Ad
1186 5458 1315 5521 tertium
1342 5453 1512 5520 dicendum
1541 5453 1628 5534 qudd
1656 5464 1776 5521 natura
1804 5473 1879 5520 nou

226 5540 288 5598 art.
301 5536 331 5596 2.
348 5537 427 5600 sunt
438 5553 515 5617 ergo
529 5535 561 5596 in
576 5531 759 5594 homiuibus
773 5527 874 5608 aliqui
890 5525 1019 5620 habitus
1072 5538 1239 5618 equaliter
1259 5557 1293 5602 se
1313 5537 1410 5600 habet
1431 5535 1471 5598 ad
1495 5535 1676 5606 causandas
1694 5552 1807 5597 enenee
1825 5535 1884 5598 (ti.

225 5612 571 5694 nilillrflltlfldallqllflm
588 5604 866 5694 pariimillliliul'd
877 5608 1020 5667 existen·
1070 5620 1238 5682 versitates
1265 5617 1446 5688 habituum,
1473 5613 1552 5693 quia
1577 5615 1708 5693 quidam
1734 5616 1883 5693 possunt

226 5695 683 5781 ῑθ8,θῑβᾶῑ1ἰΰῑᾶῑ)θῑῑθῐῑοΐῑ
699 5691 869 5780 Ρῑῑῦβῑβῐθ·
966 5765 986 5780 „
1071 5698 1199 5762 causari
1220 5697 1241 5761 d
1261 5695 1388 5769 naturai,
1405 5694 1536 5776 quidam
1556 5711 1633 5770 non,
1655 5699 1806 5774 utsupra
1821 5693 1882 5757 dl·

266 5781 368 5844 ᾸῙῙῙθῑ
387 5780 517 5861 quidem
540 5781 573 5842 5¹¹
592 5771 835 5858 alliehffllffllis
855 5770 1016 5848 ll⁰i0¹¹i¹¹⁸2
1071 5784 1158 5844 ctum
1174 5781 1233 5854 est,
1252 5776 1285 5838 in
1302 5777 1399 5840 solut.
1417 5791 1513 5856 prae.
1534 5773 1574 5836 Et
1587 5771 1658 5838 idcb
1674 5789 1740 5840 uon
1753 5771 1883 5854 sequi·

226 5863 259 5934 et
272 5859 365 5926 aliter
379 5861 413 5925 in
426 5861 617 5940 appetitipis.
629 5859 665 5924 ln
677 5849 918 5936 apprehensivis
932 5845 1019 5911 enlm
