4008 6340
253 340 308 402 ιω
735 322 865 383 SUllllAE
885 321 1113 381 tuaebeotcrh
1132 323 1236 380 Philld
1257 322 1436 384 SFAEUNDAE·
1852 325 1919 384 Μ

253 449 293 514 Et
305 454 445 528 utreque
457 443 552 507 modo
567 441 620 508 ille
635 439 690 524 qui
712 437 818 520 diligit
833 438 1048 520 iniguitatem,
1104 441 1140 498 ot
1154 433 1253 500 liberd
1264 437 1446 518 peccarent,
1459 453 1500 500 ex
1514 451 1654 516 quoram
1669 437 1813 516 persona
1827 437 1918 500 dici-

255 529 324 592 odr't
339 545 405 590 uoa
424 521 530 589 solium
546 523 680 586 anienem
698 538 802 590 amm,
818 517 874 584 sed
895 520 992 580 etiam
1015 534 1050 580 se
1106 521 1171 588 tur,
1183 517 1256 578 lob.
1278 515 1329 590 21,
1348 515 1386 578 lt
1409 536 1418 579 r
1440 515 1613 580 Scicatr'om
1636 517 1760 581 omnem
1775 526 1917 579 tuorum

254 610 375 688 ipsum.
712 609 715 614 “
1103 595 1268 664 colamur:
1294 597 1387 660 tertio
1412 595 1507 658 modo
1532 595 1671 659 habetur
1686 595 1761 658 edio
1780 599 1913 660 veritas

294 689 334 750 Et
346 705 404 768 per
417 686 478 748 hoe
490 686 577 764 patet
590 677 758 762 responsio
768 678 808 742 ad
824 677 975 758 primum.
1105 675 1321 768 particularis,
1337 673 1494 756 maguam
1517 693 1714 757 repugnans,
1727 681 1830 767 prout
1857 686 1917 740 est

296 768 344 830 ad
366 763 544 828 secuudum
565 761 734 826 dicendum
755 757 841 840 qued
863 757 971 819 nullus
992 754 1052 818 sibi
1105 755 1318 818 inintellecta
1336 753 1815 834 alteriuszputdeirmaquuis
1836 759 1916 818 ruit

254 848 326 910 vult
338 850 370 908 et
382 845 457 908 lacit
472 845 612 916 malum,
629 839 690 902 nisi
705 841 738 902 in
757 843 914 917 quantum
930 854 1054 916 appre-
1103 833 1211 914 jacere
1234 834 1268 896 in
1294 841 1438 914 peccate,
1454 834 1521 896 odit
1536 833 1623 912 quod
1638 834 1755 914 aliquis
1779 837 1917 898 verita-

256 923 368 989 bendit
383 923 463 986 illud
476 923 537 987 sub
551 922 677 984 ratione
691 919 779 981 boui.
791 919 870 980 Nam
885 919 916 980 et
932 915 979 978 illi
996 915 1052 995 qui
1106 921 1170 974 tem
1186 913 1270 976 circa
1285 921 1451 994 peecatum
1473 931 1570 976 suum
1592 919 1776 995 eognoscat,
1796 919 1832 976 et
1850 934 1916 978 se-

256 1005 448 1068 interimunt
469 1002 611 1082 seipsos,
627 1000 688 1062 boc
699 999 805 1078 ipsum
820 996 906 1076 quod
919 1001 968 1058 est
981 1011 1054 1056 mo-
1106 989 1246 1055 euadhm
1263 993 1324 1057 hoe
1335 993 1412 1058 dicit
1425 993 1626 1074 Augustinus
1641 997 1673 1054 ia
1691 993 1729 1056 10
1741 993 1911 1067 consess„

257 1085 297 1160 ri,
315 1082 563 1164 apprehendunt
577 1082 638 1143 sub
652 1079 777 1142 ratione
791 1077 880 1151 boni,
897 1076 931 1138 in
946 1091 1055 1156 quan·
1106 1087 1177 1151 cap.
1191 1072 1244 1146 23,
1258 1070 1279 1136 d
1293 1073 1389 1148 med,
1402 1072 1488 1154 qubd
1500 1072 1637 1136 hemines
1656 1083 1761 1134 omont
1780 1075 1916 1136 ceritu-

256 1171 327 1226 tum
350 1167 400 1224 est
420 1159 662 1224 terminativum
683 1156 820 1237 alicujus
842 1153 982 1218 miseriae
1003 1152 1052 1218 vel
1107 1159 1165 1212 tent
1181 1151 1342 1221 lucentem,
1360 1151 1568 1215 odornensem
1581 1151 1834 1232 redarguentem.

257 1243 391 1308 doloris.
1144 1231 1185 1294 lit
1197 1249 1256 1314 per
1269 1232 1330 1294 hoe
1333 1237 1431 1372 fatet
1443 1232 1613 1312 responsio
1629 1232 1668 1294 ad
1683 1230 1839 1312 primum.

298 1321 346 1384 Ad
371 1319 499 1384 tertium
520 1317 690 1382 dicendum
716 1314 801 1396 qubd
829 1331 948 1378 avarus
989 1311 1055 1374 odit
1146 1311 1195 1374 dd
1232 1329 1330 1375 secun
1355 1330 1408 1373 um
1445 1311 1615 1374 dicendum
1652 1311 1739 1390 quod
1775 1329 1914 1394 cogno-

261 1399 394 1480 aliquod
411 1398 559 1464 accidens
574 1415 691 1471 suuni,
707 1413 772 1458 non
790 1400 899 1458 tamen
923 1398 1056 1474 propter
1106 1408 1197 1454 scere
1223 1391 1390 1454 veritatem
1414 1387 1590 1455 secuudvim
1612 1409 1648 1452 so
1668 1395 1718 1453 est
1741 1393 1911 1465 amabile;

257 1475 949 1559 hocoditseipsum;sicutaegeroditsuam
962 1470 1055 1553 regri-
1106 1470 1346 1550 propterquod
1384 1471 1461 1534 dicit
1497 1469 1716 1554 augustinus,
1745 1469 1809 1533 loc.
1841 1473 1911 1543 cit..

257 1560 402 1623 tudinem
413 1577 455 1622 ex
471 1559 532 1622 hoc
543 1558 613 1638 ipso
625 1554 712 1637 qubd
726 1572 761 1618 se
775 1559 873 1618 amat.
1107 1550 1192 1628 qued
1207 1561 1311 1612 omont
1334 1569 1398 1612 cum
1419 1550 1581 1612 tacentem.
1603 1549 1664 1612 Sed
1683 1568 1741 1644 per
1754 1551 1911 1613 accidens

298 1640 357 1702 Vel
378 1638 550 1701 dicendum
572 1636 659 1716 qubd
680 1635 818 1698 avaritie
838 1633 964 1696 odiosos
978 1629 1055 1714 facit
1107 1629 1248 1710 cognitio
1258 1630 1399 1694 veritatis
1409 1634 1594 1710 potestesse
1606 1629 1745 1706 odibilis,
1757 1630 1790 1691 iu
1801 1647 1911 1710 quan-

259 1719 343 1788 aliis,
361 1735 425 1780 non
444 1722 552 1781 autem
567 1716 628 1778 sibi
647 1715 725 1796 ipsi3
744 1713 889 1793 quinimo
902 1717 1056 1775 causatur
1107 1713 1176 1770 trun
1190 1709 1322 1788 impedit
1335 1711 1377 1772 ab
1391 1710 1501 1789 aliquo
1515 1709 1706 1771 desiderato.

258 1815 302 1861 ex
317 1797 500 1859 inordinato
515 1796 566 1857 sul
577 1812 700 1868 amore,
718 1789 895 1855 secundam
908 1789 1056 1870 quamde
1149 1787 1195 1848 lld
1212 1789 1341 1850 tertium
1353 1789 1522 1852 dicendum
1535 1787 1620 1867 qaabd
1630 1807 1672 1850 ex
1686 1789 1748 1851 hoc
1762 1788 1912 1868 procedit

259 1877 354 1940 bonis
385 1876 616 1955 temporalibus
647 1875 720 1954 plus
748 1872 809 1934 sibi
836 1871 955 1952 aliquis
988 1869 1057 1932 vult
1108 1867 1194 1946 qaod
1208 1885 1273 1930 nou
1289 1869 1526 1944 acclamantur,
1541 1866 1627 1946 qued
1640 1867 1736 1929 homo
1751 1877 1845 1930 aurat
1860 1887 1912 1930 se-

259 1953 359 2035 qudm
374 1956 501 2018 debeat.
1071 1960 1073 1966 ·
1108 1942 1249 2010 cundiam
1266 1965 1302 2010 se
1318 1965 1513 2042 cognoscere
1525 1947 1710 2023 veritatem,
1725 1963 1830 2027 quam
1844 1947 1913 2010 ho-

259 2039 442 2100 Aarvcuaes
468 2053 497 2096 v.
523 2067 561 2080 -
584 2029 698 2096 Utrrim
718 2029 833 2112 aliquis
851 2028 954 2110 pessit
982 2027 1055 2091 odie
1108 2025 1368 2090 miuesuonlictr
1382 2025 1599 2090 manifestant.

299 2114 409 2275 23ῗῦνῖ
419 2113 592 2178 mmmm·
611 2146 649 2158 ““
666 2110 744 2195 (Μ’
759 2119 866 2192 qm·
883 2107 934 2184 3¹¹⁹
949 2115 1010 2170 ‘m'
1026 2108 1055 2182 1’
1109 2146 1289 2211 Aarvcouus
1302 2165 1346 2211 rr.
1367 2181 1407 2194 -·
1421 2145 1536 2212 urata
1547 2146 1670 2230 utquid
1679 2148 1787 2228 percit
1799 2147 1913 2213 heberi

301 2273 349 2336 hd
363 2271 568 2354 quintumsie
580 2269 774 2351 proceditur.
786 2265 1057 2345 1.Videturqudd
1134 2247 1207 2310 0‘12'0
1223 2247 1259 2311 ⁸¹²²
1271 2248 1456 2312 “nltimam
1472 2282 1512 2294 ··
1526 2247 1637 2329 (saep,
1649 2256 1711 2310 m·
1728 2247 1759 2324 5,
1776 2251 1886 2332 Wlld
1990 2337 1991 2360 χ

261 2351 381 2433 aliquis
393 2369 459 2414 nou
472 2353 574 2431 possit
588 2353 707 2412 babere
719 2349 792 2411 odio
807 2349 986 2411 veritatem.
997 2345 1058 2407 llo·
1149 2349 1197 2410 Ad
1210 2353 1338 2414 sextum
1353 2351 1400 2414 sic
1412 2349 1608 2430 proceditur.
1625 2349 1804 2412 aviana
1820 2350 1911 2430 quod
1990 2405 1991 2422 ,

262 2451 341 2494 num
355 2432 440 2495 euim
453 2439 484 2494 et
498 2449 556 2494 ens
573 2435 605 2493 et
617 2446 730 2493 verum
742 2431 985 2491 convertuntur.
997 2423 1057 2487 Sed
1109 2429 1218 2490 odium
1233 2447 1298 2492 non
1314 2431 1414 2510 possit
1428 2447 1500 2492 esse
1514 2428 1652 2508 alicujus
1666 2430 1698 2491 ia
1713 2430 1909 2494 universali.
1990 2423 1991 2448 ¹

261 2511 379 2590 aliquis
406 2528 471 2578 nen
497 2513 602 2590 potest
628 2509 748 2571 babere
773 2507 846 2569 odio
868 2507 1055 2568 bonitatem.
1109 2508 1225 2572 Odium
1250 2511 1337 2572 euim
1363 2515 1413 2574 est
1433 2508 1543 2588 passio
1562 2509 1723 2588 appetitis
1744 2509 1909 2584 sensitivi,

262 2591 308 2654 Er
329 2607 349 2652 o
365 2609 423 2654 nec
440 2591 618 2653 veritatem.
1109 2589 1167 2668 qui
1181 2591 1329 2652 movetur
1342 2607 1384 2651 ex
1398 2588 1541 2652 sensibili
1557 2588 1829 2667 apprehensione.
1848 2590 1910 2652 Sed

300 2609 622 2744 {Pretereammncs
634 2663 1058 2730 heminercataralitcrseire
1110 2684 1224 2730 seusus
1247 2685 1313 2730 nea
1330 2672 1436 2748 potest
1452 2667 1693 2746 apprehendere
1708 2669 1908 2734 universale.
1991 2699 1992 2714 ι

259 2749 460 2818 -desr'dcract,
479 2752 516 2810 ut
528 2747 647 2810 dicitur
665 2746 698 2808 iu
712 2746 871 2826 principio
896 2745 972 2806 litet.
997 2743 1058 2804 Sed
1108 2746 1194 2826 Ergo
1210 2746 1320 2810 odium
1332 2764 1398 2810 aon
1416 2751 1606 2827 potestesse
1624 2747 1761 2829 alicujus
1775 2747 1811 2809 io
1824 2749 1900 2812 uui·

263 2828 399 2892 scientia
419 2834 551 2890 nonest
571 2825 633 2889 nisi
654 2843 818 2888 verorum.
833 2824 919 2904 Ergo
938 2824 1056 2884 veritas
1110 2827 1239 2888 versati.

261 2907 457 2970 naturaliter
470 2905 671 2970 desideratur
693 2908 727 2967 et
744 2907 884 2968 amatur.
900 2901 960 2963 Sed
971 2901 1058 2982 quod
1149 2905 1180 2965 2.
1207 2908 1382 2982 Praeterea,
1407 2906 1516 2967 odium
1541 2909 1696 2976 causatur
1724 2923 1766 2966 ex
1794 2905 1908 2986 aliqud

261 2987 454 3050 naturaliter
464 2985 570 3060 inest,
591 3002 719 3061 semper
735 2983 831 3045 inest.
853 2981 967 3044 Nullus
980 2997 1058 3062 ergo
1109 2983 1321 3058 dissonantia,
1337 3002 1411 3064 qum
1424 2985 1644 3047 communitati
1659 2990 1830 3065 repugnat.
1846 2987 1909 3050 sed

253 3073 368 3146 petest
378 3067 498 3134 habere
511 3063 585 3127 odio
599 3063 778 3126 veritatem.
1109 3065 1323 3126 communitas
1338 3070 1387 3128 est
1398 3061 1437 3126 de
1451 3065 1577 3126 ratione
1592 3064 1798 3126 universalis.
1820 3065 1909 3146 Ergo

301 3145 332 3206 3.
355 3147 524 3219 Praeterea,
541 3142 754 3222 Philosophus
770 3140 846 3203 dicit
859 3139 892 3202 in
908 3137 930 3200 2
949 3139 1056 3214 libet,
1109 3142 1218 3205 odium
1233 3161 1297 3204 non
1314 3148 1500 3221 potestesse
1514 3143 1652 3236 alicujus
1668 3143 1700 3206 in
1716 3142 1908 3207 universali.

262 3239 333 3302 cap.
348 3221 386 3299 b,
404 3222 532 3298 amad„
548 3223 634 3302 quod
653 3219 790 3283 homines
804 3228 908 3282 emant
928 3237 996 3281 aea
1013 3221 1059 3301 fi·
1148 3223 1179 3284 3.
1202 3225 1370 3295 Praeterea,
1383 3223 1544 3304 objectum
1558 3223 1621 3284 edri
1633 3229 1681 3284 est
1695 3225 1909 3287 maturuhla-

262 3311 345 3371 ctos‚
371 3303 425 3366 sed
455 3303 584 3364 nonnisi
610 3307 741 3380 propter
768 3299 945 3363 veritatem.
971 3299 1058 3379 Ergo
1108 3300 1177 3364 lum
1190 3307 1299 3364 autem
1312 3308 1362 3364 est
1383 3302 1416 3363 in
1432 3304 1540 3375 rebus,
1557 3306 1589 3364 et
1602 3317 1668 3363 non
1687 3300 1721 3364 in
1735 3309 1854 3375 attente,
1873 3309 1908 3366 ut

261 3379 360 3444 home
379 3383 569 3445 naturaliter
588 3385 675 3444 anat
697 3379 864 3444 vamtatem
875 3398 885 3453 ;
897 3395 963 3440 non
980 3394 1058 3458 ergo
1109 3381 1225 3442 dicitur
1237 3381 1270 3442 ia
1284 3382 1304 3441 b
1319 3381 1474 3460 lletapb.,
1491 3385 1569 3443 tert.
1591 3380 1623 3442 8.
1638 3377 1719 3442 Chm
1732 3399 1812 3462 ergo
1826 3383 1909 3444 uni-

260 3476 337 3523 cam
353 3458 549 3524 odiohahot.
1109 3462 1235 3522 versale
1257 3461 1299 3523 sit
1320 3458 1426 3523 solium
1450 3461 1482 3521 iu
1504 3464 1627 3532 mente,
1651 3477 1725 3538 quas
1747 3463 1908 3524 abstrahit

301 3539 363 3602 Sed
388 3544 502 3603 eontra
524 3543 575 3602 est
597 3536 686 3618 quod
714 3536 889 3616 apostolus
915 3535 992 3599 dicit
1017 3534 1057 3597 ad
1108 3539 1293 3602 universale
1309 3538 1330 3604 a
1344 3539 1542 3620 particulari,
1558 3539 1683 3601 videtur
1693 3539 1781 3618 quod
1797 3541 1908 3603 odium

260 3617 333 3682 Gal.
344 3618 376 3694 b,
390 3619 428 3681 16
443 3638 451 3680 r
466 3619 585 3688 Factus
599 3636 666 3680 rum
678 3615 765 3681 cebir
780 3615 1059 3685 delerioraverunt
1109 3634 1175 3679 non
1190 3619 1293 3696 possit
1305 3638 1376 3681 esse
1390 3618 1529 3698 alieuius
1544 3618 1750 3682 universalis.

260 3697 368 3762 dicens
380 3697 480 3762 vebis.
1149 3696 1209 3760 Sed
1223 3702 1336 3762 eontra
1348 3699 1495 3777 estquod
1510 3696 1724 3776 Philosophus
1736 3697 1824 3774 dicit,
1840 3698 1908 3760 iah

301 3778 490 3858 Respondeo
500 3775 668 3840 dicendum
679 3775 764 3856 quod
775 3776 894 3836 bonum
904 3778 935 3835 et
945 3791 1058 3834 verum
1108 3775 1254 3851 Rhetor„
1270 3795 1340 3856 cap.
1362 3774 1394 3850 b,
1419 3775 1519 3856 prope
1539 3775 1609 3850 tim,
1625 3777 1711 3856 qaod
1727 3778 1908 3858 ireremper

260 3859 294 3921 et
316 3875 374 3920 eus
390 3862 467 3920 sunt
485 3857 569 3919 idem
585 3853 762 3919 secuadhm
779 3872 867 3927 rem,
889 3853 943 3916 sed
961 3851 1059 3915 dille-
1109 3857 1145 3938 fit
1161 3855 1244 3918 inter
1255 3856 1443 3936 singularia,
1459 3855 1566 3918 odium
1578 3867 1680 3918 cutem
1692 3857 1784 3920 etiarn
1795 3857 1839 3920 cd
1851 3877 1907 3938 pr-

263 3941 342 3998 runt
358 3937 499 4031 redeam
528 3939 647 3997 bonnm
673 3935 759 3997 enirn
783 3933 882 3995 habet
898 3931 1057 4024 rationem
1108 3951 1206 4029 nero:
1216 3935 1316 4017 [crem
1327 3936 1409 3998 caim
1423 3935 1529 3998 odiret
1542 3933 1797 3999 calumniatorem
1808 3955 1907 4000 unua

262 4017 550 4174 'ssffi'ss'si’qffi
558 4013 965 4184 ‹faffssiinassnssavtsshvfmm'
979 4027 1058 4184 qna
1108 4030 1337 4172 quit'eqs'ssonaeo
1363 4093 1532 4156 araneum
1555 4093 1642 4172 quoa
1659 4073 1705 4158 'ue
1727 4096 1905 4159 universas

302 4171 343 4234 Et
366 4171 437 4234 ideb
462 4175 583 4235 bonum
602 4189 701 4234 secun
724 4168 780 4232 am
800 4175 958 4232 rationem
981 4167 1058 4230 bour
1109 4171 1279 4250 dupliciter
1291 4173 1449 4254 contingit
1461 4172 1575 4252 loqui:
1597 4188 1665 4235 nno
1677 4173 1772 4236 modo
1786 4193 1906 4238 secuu-

263 4266 329 4314 oou
343 4257 447 4332 potest
459 4251 533 4314 odio
547 4249 661 4314 haberi
681 4267 742 4314 aee
758 4249 792 4311 in
807 4246 985 4311 universali
998 4263 1059 4310 uec
1109 4248 1185 4314 diam
1205 4252 1293 4331 qudd
1310 4253 1420 4315 subest
1440 4252 1611 4316 intentioni
1628 4255 1880 4317 universalitatis
1895 4276 1904 4328 ;

264 4329 297 4394 iu
334 4329 509 4394 articulari.
903 4403 910 4418 ·
1109 4331 1175 4392 alio
1189 4335 1296 4392 autem
1310 4332 1406 4393 modo
1428 4331 1546 4394 dicitur
1565 4331 1604 4394 de
1627 4331 1746 4397 uaturd
1764 4335 1816 4396 cui
1832 4335 1905 4398 talis

330 4429 367 4474 ns
382 4416 489 4473 autem
504 4413 536 4472 et
549 4426 661 4472 verum
684 4407 718 4469 io
734 4403 912 4469 universali
928 4403 1057 4483 quidem
1110 4409 1246 4472 intentio
1260 4411 1467 4485 attribuitur3
1482 4411 1547 4474 alia
1559 4415 1609 4474 est
1621 4413 1709 4474 enim
1720 4413 1905 4477 considera·

264 4487 336 4552 odio
348 4489 460 4552 haberi
472 4506 539 4550 non
554 4489 701 4567 possunt,
714 4484 792 4564 quia
801 4483 1001 4577 dissonantia
1010 4488 1060 4548 est
1110 4490 1155 4550 tio
1169 4488 1308 4552 bominis
1323 4489 1528 4566 universalis,
1543 4493 1576 4553 et
1586 4491 1652 4554 alia
1664 4491 1806 4555 hominis
1819 4494 1855 4555 ia
1867 4509 1906 4556 eo

265 4565 1058 4642 causaodii,eteoaveuientiacausaamorrsreus
1110 4567 1378 4648 quddesthomo.

264 4651 371 4712 numm
384 4653 417 4710 et
430 4665 543 4712 rerum
555 4647 632 4709 suat
643 4643 827 4707 communia
840 4642 1002 4706 omnibus.
1149 4647 1180 4709 Si
1193 4647 1290 4728 igitur
1299 4647 1486 4711 universale
1495 4646 1786 4728 accipiaturprimo
1796 4651 1903 4724 modo,

304 4727 364 4790 Sed
379 4727 412 4790 iu
426 4725 615 4807 particulari
634 4723 713 4786 nibil
731 4723 880 4803 prohibet
898 4721 1059 4816 quoddam
1110 4724 1157 4789 sie
1169 4728 1259 4790 nulla
1272 4727 1413 4804 potentia
1427 4727 1588 4790 sensitiva
1600 4729 1713 4806 partis,
1728 4746 1836 4808 neque
1850 4747 1906 4810 ap-

263 4825 320 4871 eus
336 4810 370 4871 et
381 4805 542 4886 quoddam
559 4821 670 4867 veruna
682 4803 755 4865 odio
768 4801 892 4876 haberi,
909 4819 942 4863 rn
955 4818 1059 4882 quau·
1109 4805 1317 4884 prebeusiva,
1332 4824 1439 4886 neque
1452 4807 1647 4885 appetitiva,
1662 4807 1738 4870 terri
1753 4814 1861 4887 potest
1873 4811 1906 4870 iu

263 4893 330 4950 tuna
343 4885 442 4950 habet
453 4885 611 4950 rationem
625 4881 777 4944 contrarii
789 4887 822 4944 et
834 4882 1058 4962 repugnantia
1109 4885 1304 4959 universale,
1315 4885 1393 4965 quia
1404 4885 1591 4948 universale
1601 4885 1638 4947 bt
1648 4888 1906 4965 perahstractio·

263 4965 476 5029 contrarietas
491 4965 577 5026 caim
592 4966 625 5024 et
638 4962 852 5040 repugnantia
866 4977 932 5022 nen
946 4961 1059 5024 adver·
1111 4982 1185 5026 nem
1202 4961 1223 5028 d
1243 4961 1377 5027 materiai
1391 4963 1599 5037 individuali,
1615 4964 1648 5026 in
1662 4963 1905 5042 quarantenae

262 5050 354 5108 satur
367 5042 487 5106 rationi
509 5041 605 5110 entis,
626 5041 658 5099 et
679 5039 757 5110 veri,
773 5039 855 5102 sieut
871 5039 1060 5102 adversatur
1110 5044 1214 5105 omnis
1231 5045 1331 5106 uirtus
1351 5044 1518 5106 sensitiva.
1538 5044 1645 5106 Potest
1665 5048 1773 5107 tamen
1792 5045 1903 5126 aliqua

263 5122 382 5186 rationi
401 5121 489 5183 boni.
503 5117 785 5210 Contingitautem
797 5135 910 5179 verum
928 5117 1059 5196 aliquod
1110 5124 1254 5200 potentia
1268 5123 1434 5195 sensitiva,
1450 5126 1481 5184 ct
1494 5123 1742 5201 apprehensiva,
1757 5130 1789 5187 et
1802 5143 1907 5206 appen

264 5200 461 5279 particulare
480 5197 647 5275 triplnnter
665 5213 846 5276 repugnare
865 5195 913 5256 rel
928 5205 1061 5260 corura—
1090 5235 1092 5238 -
1110 5203 1212 5277 titiva,
1228 5202 1303 5264 larci
1319 5202 1352 5264 iu
1367 5202 1487 5280 aliquid
1504 5202 1750 5276 universalitcr3
1764 5205 1905 5268 sicutdi·

263 5279 339 5344 riari
357 5281 443 5340 bono
456 5280 584 5338 amato:
600 5291 666 5336 nno
680 5277 773 5338 modo
783 5273 958 5338 seeundum
973 5275 1058 5368 quod
1110 5281 1211 5344 cimus
1226 5281 1312 5360 qubd
1330 5281 1491 5362 olvjeetanr
1513 5279 1599 5344 visits
1614 5291 1662 5344 est
1675 5282 1765 5345 color
1781 5301 1904 5347 seeun-

264 5358 384 5419 veritas
404 5360 455 5418 est
470 5354 644 5418 causaliter
664 5359 696 5416 et
716 5355 917 5435 originaliter
934 5355 965 5417 in
981 5358 1058 5435 apsis
1110 5359 1185 5421 diam
1208 5378 1322 5440 genus,
1338 5379 1403 5422 nura
1418 5361 1494 5439 qaia
1511 5360 1599 5424 visus
1618 5369 1791 5442 cognoscat
1809 5365 1903 5425 colo-

265 5437 375 5508 rebus,
396 5433 489 5498 etsie
512 5433 607 5495 tronto
625 5433 820 5513 quandoque
836 5435 903 5496 odit
914 5435 1058 5514 aliquam
1110 5457 1178 5501 rem
1191 5440 1419 5512 universalem,
1444 5439 1499 5504 scd
1526 5441 1616 5518 quia,
1638 5439 1726 5519 quhd
1749 5443 1840 5505 color
1863 5439 1905 5501 sit

265 5515 444 5588 veritatem,
465 5511 542 5574 dirrn
562 5513 657 5576 rellet
678 5531 744 5576 non
761 5532 832 5577 esse
846 5533 958 5578 rerum
972 5515 1058 5594 quod
1109 5519 1333 5600 cognoscibilis
1348 5515 1368 5582 d
1384 5519 1476 5595 risu,
1500 5536 1565 5581 non
1578 5519 1729 5583 convenit
1740 5520 1853 5590 colori,
1870 5518 1903 5580 in

265 5602 314 5662 est
326 5614 435 5660 verum
447 5616 456 5668 ς
468 5595 533 5658 alio
546 5593 640 5657 modo
654 5591 828 5658 secundina
842 5595 929 5674 qudd
940 5597 1057 5658 veritas
1109 5605 1268 5678 quautam
1287 5608 1337 5664 est
1356 5601 1408 5664 hic
1427 5603 1528 5679 color,
1544 5591 1604 5666 sed
1620 5604 1654 5666 in
1676 5611 1836 5686 quantum
1854 5605 1904 5666 est

264 5683 313 5742 est
334 5677 367 5739 in
387 5675 569 5756 cognitione
589 5674 690 5754 ipsius
720 5674 878 5748 hominis,
898 5693 971 5754 queo
992 5675 1059 5734 im·
1110 5680 1200 5740 color
1213 5681 1410 5758 simpliciter.

265 5755 351 5838 pedit
375 5757 479 5835 ipsum
504 5751 526 5820 d
552 5753 775 5834 prosecutione
794 5756 905 5827 amati,
924 5755 1007 5817 sicut
1029 5755 1057 5816 si
1149 5757 1200 5820 Sic
1218 5776 1296 5852 ergo
1312 5760 1421 5821 odium
1435 5759 1532 5822 ctiam
1551 5759 1713 5823 sensitiva
1727 5762 1827 5856 partis
1842 5779 1904 5841 po-

264 5836 366 5912 aliqui
382 5833 500 5898 vellent
512 5852 578 5897 uon
589 5851 784 5916 cognoscere
796 5835 959 5902 veritatem
971 5832 1044 5894 ‚fidoi
1111 5839 1172 5895 test
1186 5855 1347 5912 respicere
1369 5839 1489 5916 aliquid
1511 5840 1544 5902 in
1558 5841 1754 5915 universali,
1769 5841 1848 5918 quia
1862 5858 1903 5904 ae
