4004 6346
307 307 363 372 qs
767 301 896 360 sunna
915 285 1140 364 rnsonootcd
1161 305 1263 362 enim
1285 302 1464 368 secusne.
1840 383 1842 386 ¹
1873 321 1914 386 iq

349 420 397 490 Ad
407 419 546 500 primum
561 425 638 501 ergo
652 417 819 502 dicendum
832 415 918 495 qndd
932 417 1098 496 equalitas
1152 434 1219 484 una
1242 419 1344 484 virtus
1370 423 1466 486 unius
1492 422 1633 487 bominis
1656 427 1697 490 sit
1721 431 1818 510 maior
1836 436 1914 517 quini

309 501 365 562 illa
373 517 439 562 non
447 503 496 564 est
504 497 677 562 secundnm
687 499 897 576 quantitatem
905 497 1097 570 absolutam,
1134 530 1138 536 ,
1153 499 1229 571 alia,
1242 501 1327 562 sicut
1339 502 1479 564 charitas
1494 501 1554 564 lide
1568 509 1600 566 et
1614 523 1680 585 spe.

309 579 366 642 sed
383 584 432 640 est
447 577 623 642 secundam
644 577 688 657 (l)
713 577 954 654 proportionem
973 575 1101 637 intelli·
1192 579 1264 640 Alio
1277 580 1371 641 modo
1389 584 1493 660 potest
1509 583 1629 645 attendi
1648 585 1914 672 secundiumparn.

309 657 429 738 ganda,
448 658 643 736 quiaonrnes
663 655 795 716 virtutes
810 653 1100 794 qroportionaliter
1152 656 1345 735 cipationem
1365 660 1511 739 subjecti,
1527 668 1623 740 prout
1636 664 1754 726 scilieet
1767 668 1913 740 intenditur

308 737 499 800 crescuntin
513 737 701 808 bomine,ut
713 734 797 796 inlra
832 738 1014 805 lectunart.
1029 750 1097 812 seq.
1152 737 1204 798 rel
1218 737 1389 800 remittitur
1403 740 1436 799 in
1452 739 1614 819 subjecto;
1632 748 1664 804 et
1684 745 1848 810 secundum
1867 753 1913 818 boa

348 815 395 876 Ad
407 811 758 878 secundumdicendum
770 811 855 890 qudd
868 811 945 872 illud
957 811 1100 872 ultimum
1151 832 1263 876 omnes
1281 815 1414 879 virtutes
1437 819 1535 881 unius
1555 820 1693 884 bominis
1713 831 1785 886 sunt
1798 833 1912 907 equales

307 894 394 972 quod
411 895 549 974 pertinet
564 893 604 954 ad
621 893 782 961 virtutem,
802 895 904 969 potest
917 889 1036 952 babere
1047 906 1100 952 ra·
1151 892 1291 971 quddam
1304 897 1486 974 aequalitate
1496 901 1724 978 proportionis,
1737 903 1770 964 in
1782 914 1912 984 quantuni

308 975 427 1034 tionem
441 967 814 1052 anaqisvelrninetsboni‚
829 966 1101 1056 secundumprae-
1151 973 1318 1050 aqualiter
1342 979 1490 1036 creseunt
1514 977 1548 1039 in
1572 978 1721 1053 bomine3
1745 983 1823 1047 sieut
1843 987 1911 1068 digiti

306 1051 407 1114 dictos
422 1047 640 1124 modos30i1m
657 1065 722 1110 non
737 1049 779 1110 sit
794 1049 941 1130 ultimum
953 1047 1099 1110 indivisi·
1151 1051 1266 1113 manius
1286 1058 1361 1114 sunt
1380 1054 1555 1133 inaequales
1578 1056 1752 1122 secundirm
1770 1068 1912 1140 quantita-

307 1131 381 1198 bile.
395 1133 431 1190 ut
444 1130 563 1192 dietum
575 1134 624 1193 est
636 1128 670 1189 in
685 1144 772 1206 corp.
788 1130 848 1189 art.
1150 1132 1226 1204 tem,
1245 1131 1299 1193 sed
1315 1136 1392 1194 sunt
1407 1135 1546 1211 aequales
1563 1134 1738 1200 secundum
1752 1147 1912 1220 proportio-

346 1211 393 1270 Ad
407 1209 534 1270 tertium
551 1207 719 1272 dicendum
733 1205 819 1283 qudd
832 1206 917 1266 Deus
935 1222 999 1266 non
1015 1222 1100 1284 ope-
1151 1225 1235 1277 nem,
1251 1206 1323 1272 edm
1337 1213 1655 1290 proportionabiliter
1668 1224 1850 1297 augeantur.

306 1293 398 1352 ratur
426 1285 601 1349 secundirm
629 1285 1014 1374 necessitatemnaturae,
1044 1283 1098 1346 scd
1190 1287 1381 1369 Huiusmodi
1402 1294 1510 1352 autem
1525 1295 1716 1370 aequalitatis
1738 1305 1911 1376 oporteteo-

306 1365 482 1430 secunddm
495 1365 638 1429 ordinem
654 1382 720 1426 suoe
733 1364 909 1443 sapientrae,
923 1361 1098 1424 seeundirm
1150 1362 1220 1426 dem
1234 1369 1329 1429 modo
1350 1369 1509 1432 rationem
1526 1372 1692 1450 accipere,
1710 1377 1790 1437 sicut
1802 1383 1830 1440 et
1846 1397 1911 1442 eon-

305 1464 404 1524 quam
424 1447 582 1506 diversam
602 1459 788 1506 mensuram
812 1440 937 1503 virtutis
951 1441 1099 1516 bomini·
1151 1447 1310 1508 nexionis.
1331 1447 1509 1526 AEquatitus
1523 1452 1609 1511 enim
1624 1455 1673 1514 est
1694 1456 1833 1531 quaedam
1850 1476 1911 1520 con-

306 1527 366 1586 bus
384 1525 532 1604 largitur,
555 1520 730 1584 secundum
751 1521 828 1582 illud
846 1521 885 1581 ad
905 1520 987 1600 Eph:
1003 1517 1034 1594 ts,
1051 1521 1096 1581 7:
1150 1524 1911 1611 nexiounitatum(1,secundumquantitatembt-

304 1604 482 1684 Unicuique
501 1601 644 1663 nostrdm
657 1601 733 1663 doto
746 1608 790 1662 est
805 1601 911 1680 qratia
929 1597 1098 1662 secundem
1149 1606 1522 1686 clumestautemsupra‚
1553 1608 1910 1692 u.65,art.l.quddratio

302 1701 478 1744 mensnram
491 1680 673 1744 donationis
685 1679 817 1743 coristi.
1150 1684 1361 1746 connexionis
1372 1623 1859 1771 virtutumtnpliciterassignari
1868 1713 1911 1774 po·
1972 1707 1974 1712 '

552 1835 591 1850 ,,
605 1799 717 1865 qqmqm
736 1818 840 1862 omn„
854 1805 987 1862 mmm
1004 1799 1098 1861 simul
1148 1763 1227 1822 test:
1240 1780 1307 1824 uno
1321 1765 1414 1826 modo
1427 1763 1603 1828 seeundum
1616 1768 1810 1832 intellectum
1822 1790 1910 1838 eorum

342 1878 1095 2041 qqququqqu‚qqqqqqqqq{qq
1148 1842 1910 2002 tlt:ltiliilltiill‡.l.¹;³ltttl¹3¹⁰t.at

464 2041 470 2053 .
1045 2038 1054 2062 ,-
1146 1999 1679 2066 unasimulinvenilurcumalilsi
1791 2009 1797 2022 '
1892 2043 1909 2056 -

344 2049 371 2101 0‘
384 2039 416 2114 2»
437 2041 510 2102 dm·
525 2034 575 2112 we
590 2057 641 2118 Ψ·
662 2037 693 2111 2⁹
709 2045 770 2098 ‘'s“
786 2035 817 2110 δ’
833 2037 1006 2178 ⁰d96’e5‘a3'
1021 2037 1096 2176 (ἐωξὶ
1147 2076 1249 2164 terid3
1272 2085 1304 2140 ot
1327 2079 1373 2142 sio
1383 2080 1492 2174 'virtus
1509 2081 1542 2142 in
1562 2005 1908 2160 quarrnttffittnttir

892 2160 899 2184 ¹
1045 2160 1052 2189 '
1146 2157 1253 2233 potest
1275 2159 1409 2236 aequalrs
1426 2160 1505 2232 dier,
1519 2161 1580 2222 nisi
1600 2163 1719 2226 babeat
1733 2181 1835 2226 omnes
1848 2166 1908 2230 istas

1148 2236 1345 2298 conditiones
1354 2240 1554 2317 aequales.Et
1565 2241 1649 2304 bano
1661 2243 1908 2322 rationemequa·

342 2319 389 2381 Ad
414 2317 589 2382 secundum
614 2317 661 2378 sic
683 2309 877 2395 proceditur.
904 2317 933 2377 1.
962 2315 1097 2378 Videtur
1146 2314 1244 2376 litatis
1266 2316 1420 2378 virtutum
1439 2319 1583 2398 assignat
1596 2321 1645 2382 Au
1670 2322 1795 2384 ustinus
1813 2323 1908 2386 infide

301 2398 387 2477 quod
410 2415 476 2460 non
499 2413 610 2459 omnes
631 2397 765 2458 virtutes
789 2395 823 2456 in
847 2412 913 2456 uno
935 2398 966 2455 et
985 2393 1096 2457 eodem
1147 2393 1274 2485 Trinit„
1294 2411 1364 2474 cap.
1379 2394 1411 2470 b,
1426 2397 1630 2476 ciroprine..
1643 2339 1774 2464 dicens:
1790 2402 1824 2465 Si
1836 2401 1908 2463 diee-

302 2478 365 2538 sint
385 2477 553 2555 sequalrter
566 2474 710 2538 intensae.
729 2475 811 2537 Dicit
825 2475 910 2536 enim
923 2476 1095 2552 Apostolus
1145 2489 1193 2534 res
1210 2473 1340 2552 equales
1364 2493 1425 2536 esse
1446 2475 1523 2538 istos
1542 2479 1748 2558 fortitudine,
1771 2479 1819 2542 sed
1840 2480 1908 2543 ilion

302 2557 377 2619 tad
391 2557 464 2620 Cor.
478 2557 509 2629 7,
527 2556 547 2615 7
565 2574 573 2614 r
588 2555 806 2635 Unusquisque
820 2553 901 2616 enini
916 2551 1004 2614 babet
1013 2555 1097 2633 pro·
1141 2554 1483 2632 perstreperemus
1500 2557 1641 2638 seqnitur
1655 2557 1743 2638 qudd
1755 2559 1839 2640 lustjus
1851 2561 1908 2640 {or-

304 1804 483 1866 Anrtcnsos
502 1809 537 1862 ri.

341 2119 392 2192 36,
411 2128 473 2180 ort.
489 2116 519 2190 t,
535 2126 563 2178 et
576 2117 657 2179 Mat.
693 2137 726 2178 u.
743 2117 772 2192 1,
789 2123 851 2176 nrt.

347 2198 430 2260 Virt.
445 2217 497 2278 qu.
511 2196 541 2272 5,
555 2205 617 2258 ort.
634 2135 692 2276 &³

298 2637 404 2716 prium
426 2633 667 2702 donumdDeo,
688 2633 770 2695 nlius
791 2629 1096 2713 quinquenarius
1147 2631 1249 2693 titudo
1277 2631 1381 2695 minda
1403 2633 1543 2713 perdens
1570 2636 1627 2707 sit,
1652 2655 1691 2699 oc
1712 2653 1771 2718 per
1795 2638 1846 2700 doe
1866 2657 1907 2700 ner
1973 2683 1974 2690 .

301 2723 404 2776 uertens
426 2714 484 2776 rie.
512 2715 584 2776 Non
613 2718 698 2774 esset
719 2715 828 2774 autem
852 2728 954 2774 unum
976 2710 1095 2772 donum
1145 2709 1335 2790 fortitudine
1361 2730 1386 2772 re
1406 2712 1491 2774 uetes
1515 2713 1601 2784 sint,
1626 2717 1753 2808 wando
1777 2715 1907 2780 astillian
1973 2709 1974 2736 ¹

277 2861 280 2870 ,
299 2794 401 2874 magis
417 2791 583 2873 proprium
597 2791 695 2854 alicui
709 2789 808 2869 quam
822 2789 922 2862 aliud,
940 2789 966 2851 si
981 2807 1094 2852 omnes
1145 2789 1301 2869 fortitudo
1316 2809 1337 2870 p
1402 2792 1519 2861 entier:
1530 2793 1726 2874 etquertade
1739 2797 1907 2858 retenente-

299 2872 434 2935 virtutes
453 2873 538 2934 dono
556 2871 615 2933 Dei
635 2870 757 2932 inlusas
774 2869 910 2948 quilibet
928 2869 1095 2946 equaliter
1131 2867 1264 2930 tuntas
1280 2870 1437 2940 invenies,
1459 2872 1489 2934 si
1509 2889 1611 2934 ornnes
1631 2874 1736 2936 addens
1749 2873 1907 2937 conterre

299 2951 442 3015 baberet.
455 2953 540 3032 Ergo
552 2950 677 3011 ridetur
689 2948 774 3027 quod
788 2965 852 3009 non
865 2965 976 3011 omnes
989 2949 1095 3012 virtu·
1145 2945 1231 3009 tione
1238 2966 1419 3027 percurras.
1599 3023 1602 3028 .

300 3035 346 3094 tes
364 3033 430 3094 sint
443 3029 583 3110 aquales
599 3029 630 3090 ia
645 3045 711 3090 uno
725 3032 756 3089 et
771 3027 893 3090 eodem.
1183 3029 1255 3089 Alie
1269 3029 1363 3090 modo
1380 3029 1444 3091 assi
1469 3032 1544 3093 nata
1561 3033 1708 3102 estratio
1720 3033 1904 3095 connexionis

284 3143 287 3156 ·
336 3111 367 3171 2.
384 3113 551 3184 Praeterea,
567 3107 594 3170 si
609 3125 722 3170 omnes
734 3101 867 3170 virtutes
880 3109 989 3168 essent
1002 3105 1092 3184 eque
1144 3102 1298 3168 virtutum
1319 3109 1495 3170 secundum
1514 3111 1643 3188 eosqui
1662 3111 1839 3196 intelligunt
1857 3113 1905 3172 bn-

298 3187 717 3280 intensminunoeteodern,
729 3184 1011 3278 sequereturqudd
1021 3188 1092 3263 qui·
1139 3183 1280 3262 jusmodi
1290 3187 1423 3250 virtutes
1438 3187 1559 3250 habere
1574 3192 1728 3282 materias
1742 3191 1905 3285 dqtermiqa·

298 3263 1090 3425 instabilitatis:finili-illisit
1141 3262 1905 3429 dirititlltttttintinnabant]

297 3423 357 3488 Sed
368 3427 429 3488 boc
441 3427 528 3504 patet
539 3441 608 3486 esse
624 3423 751 3496 laisum,
766 3423 844 3501 quia
857 3423 974 3484 diversi
987 3424 1088 3486 sancti
1141 3426 1173 3482 et
1196 3441 1239 3483 ex
1262 3426 1353 3500 parte
1372 3425 1537 3487 charitatis
1552 3425 1713 3504 quantiam
1734 3428 1774 3490 ad
1794 3429 1903 3490 uirtutes

296 3503 335 3566 de
358 3505 492 3568 diversis
517 3503 687 3566 virtutibus
736 3500 872 3579 rmcipud
898 3502 1087 3578 laudantur,
1140 3499 1281 3576 inlusas3
1306 3508 1497 3565 nouantem
1519 3510 1674 3583 exparte
1699 3505 1902 3576 inclinationis.

296 3583 379 3646 sieut
392 3585 555 3646 Abrabam
566 3581 605 3644 de
619 3582 691 3655 lide,
740 3599 759 3642 o
783 3599 833 3642 ses
848 3579 886 3644 de
899 3585 1090 3642 mansuetu·
1139 3586 1265 3656 quaest
1275 3599 1315 3642 cx
1326 3585 1417 3661 parte
1427 3583 1847 3678 subjecti‚utsupradietum
1857 3587 1903 3654 est,

295 3659 502 3736 dine‚lobde
516 3659 687 3741 patientit;
702 3678 747 3721 un
770 3659 839 3722 ede
852 3660 1088 3738 quolibetcon-
1138 3665 1252 3736 qnoest.
1276 3659 1336 3736 65,
1358 3666 1419 3722 art.
1440 3663 1457 3722 1
1477 3668 1510 3724 et
1532 3662 1563 3721 2.
1593 3664 1644 3725 Sic
1669 3670 1769 3744 rqrtur
1790 3668 1819 3726 et
1838 3662 1903 3724 ratio
1971 3719 1972 3722 ,

272 3759 275 3766 ·
295 3741 416 3805 iessore
427 3745 576 3805 cantatur
586 3741 619 3802 in
629 3737 875 3802 EcclesiA2Non
886 3746 929 3800 est
942 3732 1087 3800 inuentus
1139 3739 1330 3816 [equalitatis
1351 3741 1507 3803 virtutum

293 3819 405 3884 similis
422 3821 481 3889 itii.
502 3820 557 3901 qni
570 3827 764 3882 conservaret
779 3820 873 3896 leqem
891 3817 1086 3909 Encelsiqed
1138 3817 1314 3894 prudentias
1326 3817 1484 3898 quantum
1499 3759 1578 3881 attid
1591 3820 1678 3898 quod
1690 3829 1738 3884 est
1749 3820 1902 3884 lormalein

294 3901 379 3978 quod
399 3902 534 3979 quilibet
551 3900 664 3962 babuit
683 3899 927 3977 prerogativam
947 3897 1085 3976 alicujus
1137 3897 1902 3963 omnibusvirtutibusmoralibus.Existenteenin

295 3979 432 4042 virtutis.
443 3981 513 4042 Non
527 3995 604 4058 ergo
616 3995 726 4040 omnes
739 3977 871 4040 virtutes
885 3981 961 4038 sunt
973 3992 1087 4054 oequa-
1137 3976 1264 4052 rationo
1278 3977 1444 4055 aequaliter
1456 3975 1598 4055 perlecti
1615 3979 1648 4039 in
1660 3997 1729 4041 nno
1748 3987 1779 4042 et
1791 3980 1900 4046 eodem·

293 4051 340 4122 les
358 4060 391 4120 in
404 4075 470 4122 uno
485 4063 517 4121 et
530 4057 652 4120 eodem.
803 4075 810 4078 ·
1137 4059 1263 4130 oportet
1275 4055 1360 4133 qubd
1382 4057 1666 4136 proportionaliter
1680 4057 1848 4120 secundnm
1859 4069 1902 4118 ra·

332 4137 363 4197 3.
381 4141 550 4210 Praeterea,
563 4133 686 4214 quanto
705 4133 834 4198 habitus
851 4135 900 4195 cst
916 4132 1084 4208 intensior,
1136 4132 1258 4195 tionem
1271 4143 1392 4197 rectam
1402 4136 1541 4196 medinm
1551 4137 1767 4200 constituatur
1777 4139 1809 4198 in
1818 4134 1902 4214 quili-

293 4215 383 4278 lanto
396 4217 492 4276 bomo
509 4211 684 4276 secundum
699 4213 804 4291 ipsum
818 4209 1036 4276 delectabiliirs
1054 4215 1086 4274 et
1136 4211 1189 4273 bet
1211 4213 1346 4276 materia
1359 4213 1526 4275 virtutum.
1550 4211 1715 4289 Quantum
1741 4213 1814 4278 rard
1830 4213 1863 4276 ad
1877 4209 1899 4272 id

1548 3745 1632 3803 otest
1650 3744 1755 3822 accipi
1776 3763 1814 3806 ex
1831 3746 1903 3821 parte
1971 3751 1972 3754 ’

292 4292 471 4374 promptiirs
493 4297 657 4371 operatur.
680 4292 739 4354 Sed
761 4291 979 4388 experimento
998 4297 1085 4370 patet
1135 4291 1221 4367 quod
1238 4299 1286 4352 est
1298 4293 1464 4354 materiale
1479 4294 1511 4354 in
1533 4293 1706 4356 virtutibus
1726 4295 1899 4362 moralibus,

291 4373 378 4452 qudd
394 4391 478 4435 unus
498 4373 594 4434 bomo
615 4371 832 4434 delectabilius
852 4375 885 4431 et
927 4366 1083 4447 rompticis
1136 4369 1258 4432 scilicet
1270 4371 1511 4434 inclinationem
1525 4373 1628 4450 ipsam
1639 4373 1680 4435 ad
1696 4378 1801 4436 actum
1816 4373 1900 4434 rinu-

291 4458 446 4532 operatur
463 4457 570 4514 actum
591 4450 688 4512 unius
707 4449 832 4511 virtutis
854 4389 952 4526 qut'n
976 4451 1084 4510 actum
1135 4447 1187 4518 tis,
1202 4453 1309 4526 potest
1328 4467 1399 4512 esse
1419 4468 1505 4512 unus
1527 4451 1625 4513 horno
1639 4469 1690 4514 ma
1716 4453 1742 4514 is
1756 4455 1898 4532 promptus

291 4533 437 4596 alterius.
451 4533 519 4594 Non
531 4549 566 4592 er
588 4547 730 4592 oomnes
741 4529 875 4591 virtutes
888 4530 964 4589 sunl
975 4543 1083 4606 aequa-
1135 4526 1174 4586 ad
1189 4532 1295 4589 actum
1304 4530 1402 4590 unius
1415 4531 1542 4592 virtutis
1556 4529 1655 4609 quim
1670 4471 1714 4592 at
1726 4537 1826 4594 actum
1838 4529 1899 4589 altc-

291 4611 338 4676 les
352 4615 384 4674 in
397 4629 463 4674 uno
475 4617 507 4672 et
518 4549 640 4673 eodem.
948 4683 953 4697 Ι
1135 4603 1321 4669 riusvelcx
1336 4609 1474 4683 naturA,
1491 4605 1897 4687 velexconsnetudineti),

331 4693 390 4753 Sed
411 4695 523 4754 contra
537 4694 588 4752 est
604 4685 691 4767 quod
710 4685 909 4766 Augustinus
924 4682 999 4746 dreit
1015 4683 1048 4744 in
1063 4683 1082 4744 6
1135 4685 1185 4746 rel
1199 4686 1293 4748 etiam
1304 4688 1465 4766 engratiae
1476 4688 1572 4748 dono.

291 4771 331 4832 do
346 4770 473 4842 Trinit.‚
485 4767 656 4846 cap.ls‚in
672 4766 787 4844 princ,
802 4763 887 4842 quiid
899 4765 1083 4905 quicumque
1175 4765 1221 4824 Ad
1245 4765 1385 4844 primum
1406 4765 1664 4846 ergodicendnm
1683 4765 1898 4844 qubdrerbum
1969 4751 1970 4769 ¹

291 4857 366 4924 sont
387 4847 516 4929 equuteo
537 4847 574 4910 in
593 4845 799 4927 [arctitudine.
814 4861 899 4923 equo
914 4862 943 4902 es
958 4849 1032 4902 sunt
1047 4842 1082 4902 in
1135 4841 1279 4921 Apostoli
1293 4848 1398 4922 potest
1410 4845 1544 4924 intelligi
1557 4845 1596 4908 de
1609 4845 1701 4907 donis
1719 4847 1898 4924 gratiogra*

288 4927 504 5007 prudentiori
519 4924 739 5004 temperantia,
756 4926 787 4983 et
801 4922 847 4983 sio
859 4921 898 4983 de
915 4921 999 4983 aliis.
1015 4921 1083 4982 lloe
1134 4920 1173 4982 tis
1190 4923 1281 4995 data,
1298 4940 1370 5001 quaa
1383 4939 1448 4984 non
1461 4931 1536 4985 sunt
1551 4924 1735 4986 communia
1747 4923 1897 4990 omnibus,

291 5010 481 5070 autemnon
500 5009 595 5074 esset,
616 5003 677 5062 nisi
697 5018 807 5062 omnes
828 4999 962 5061 virtutos
983 5001 1080 5062 unius
1133 5016 1192 5062 nec
1207 5003 1315 5064 omnia
1326 5003 1462 5080 nequalia
1475 5004 1507 5062 in
1526 5018 1592 5063 uno
1608 5003 1775 5064 eteoclem.

175 5113 179 5118 v
290 5081 431 5147 bominis
446 5089 554 5148 essent
564 5081 715 5158 aquales.
729 5081 814 5158 Ergo
826 5096 936 5141 omnes
947 5079 1080 5142 virtutes
1173 5081 1231 5142 Vel
1247 5081 1420 5160 potestdioi
1432 5079 1517 5158 qaod
1533 5080 1671 5142 retertur
1682 5081 1722 5142 ad
1734 5091 1896 5142 mensnram

291 5165 390 5226 unius
406 5161 546 5224 hominis
562 5159 802 5237 suntsquales.
1133 5159 1243 5237 gratie
1272 5164 1398 5238 gratum
1426 5158 1594 5232 incientis,
1621 5155 1794 5220 secundium
1817 5169 1897 5235 qnam
1968 5151 1969 5178 ¹

331 5241 519 5321 llespondeo
530 5237 697 5301 dicendum
709 5236 795 5315 qudd
807 5235 969 5313 quantitas
979 5233 1081 5298 virtu·
1132 5255 1219 5298 unus
1241 5238 1383 5300 abundat
1408 5237 1441 5298 in
1471 5239 1621 5300 omnibus
1646 5239 1814 5300 virtutibus
1839 5233 1896 5311 plus

291 5325 378 5398 tum,
394 5321 477 5384 sieut
490 5335 531 5381 ex
545 5317 636 5380 dietis
650 5319 753 5395 patet,
772 5321 833 5376 art.
853 5333 961 5392 prmo..
977 5319 1081 5392 potest
1132 5313 1232 5394 qudnr
1245 5316 1346 5389 alius,
1362 5319 1494 5394 propter
1514 5315 1671 5395 majorem
1687 5315 1896 5378 abundantiam

290 5401 409 5464 attendi
423 5397 613 5478 dupliciter:
632 5413 696 5458 uno
715 5392 808 5455 modo
826 5391 1000 5456 secundum
1020 5409 1081 5454 ra·
1132 5395 1320 5472 prudentio,
1338 5393 1495 5457 ueletiam
1511 5393 1694 5468 clraritatis,
1709 5395 1743 5455 in
1763 5393 1823 5472 qud
1836 5405 1896 5452 con·

290 5481 410 5544 tionem
427 5478 565 5559 specici3
581 5479 615 5539 et
632 5475 679 5538 sie
699 5490 765 5535 non
784 5475 833 5536 est
848 5469 1080 5550 dubiumquod
1133 5477 1305 5535 nectuntur
1319 5490 1429 5534 omnes
1445 5473 1577 5536 virtutes
1593 5472 1716 5534 inluso.

1172 5551 1217 5613 Ad
1236 5551 1412 5616 secundum
1434 5550 1603 5616 dicendum
1621 5551 1707 5630 quod
1728 5567 1808 5612 unus
1828 5558 1894 5610 saa·

327 5644 366 5728 (l)
385 5644 423 5701 lta
456 5641 537 5700 codd.
562 5639 655 5698 Alcen.
685 5643 713 5692 ct
739 5633 920 5717 (inmensum
950 5632 1077 5718 llieolaio.
1292 5696 1307 5722 ¹,
1369 5699 1375 5709 ⁸
1694 5694 1700 5707 ,

291 5713 361 5772 Edit.
376 5716 452 5770 itone.
467 5726 493 5769 ct
509 5713 599 5768 rsus.
614 5727 622 5762 ε
638 5707 697 5762 Non
711 5705 791 5758 return
805 5713 840 5758 est
854 5703 988 5758 mercantias
998 5717 1079 5763 miun-
1168 5697 1206 5768 (l)
1227 5695 1263 5751 lta
1277 5697 1410 5754 brcnlaurs
1432 5711 1492 5754 cram
1507 5697 1570 5751 llss.
1595 5695 1650 5764 At,
1676 5703 1802 5750 orclatum.

292 5789 385 5842 litatem
397 5785 545 5844 edentulam,
561 5775 689 5833 sedetiam
709 5773 854 5838 ucurudian,
870 5783 922 5828 etc.
1166 5767 1206 5839 (ὴ
1227 5769 1281 5837 Al,
1305 5767 1342 5823 eet
1363 5767 1552 5824 consuetudine.
