4038 6350
86 343 142 400 793
360 340 497 411 QUAEST.
517 339 559 396 cl.
581 339 624 396 uu
643 337 845 398 Phanaeus
863 337 1171 404 eAEuEltedltiluus
1189 347 1370 407 SECUNDUM
1389 349 1440 408 SE.
1675 355 1725 412 aet

84 456 175 593 fieligrjg
192 453 409 596 :cg'ptdgeentffirrn
424 455 484 516 sub
498 453 663 532 preceptis
675 453 879 516 ceremonia·
933 451 1476 602 gffiffflplszcaewniffla'
1486 466 1725 603 ffluffilmllfinffl'

125 612 175 670 Ad
198 612 373 674 secundum
396 611 563 673 dicendum
589 610 675 688 quod
700 611 756 672 illa
779 627 880 688 expo·
971 611 1031 672 Sed
1057 549 1660 700 contr?ggtnqieiodntrtephsigtolguusmdigit
1683 625 1722 686 ad

82 690 160 752 sitio
178 691 316 750 nominis
336 707 399 750 non
418 691 624 751 videturesse
640 686 776 750 mullum
794 707 879 750 eon-
932 688 1054 752 Coloss.
1072 691 1102 764 2,
1120 695 1158 752 16
1174 715 1181 755 :
1197 695 1293 756 Nemo
1303 697 1424 777 judicet
1447 717 1501 760 uos
1520 701 1554 759 iu
1573 701 1651 770 eido,
1669 709 1723 764 eut

83 771 238 838 veniens,
258 769 432 847 prasertim
455 766 527 829 edm
545 783 609 828 non
626 766 761 828 mullhm
782 769 879 829 inve·
932 768 967 828 iri
978 778 1071 848 potu,
1089 781 1143 832 oet
1157 774 1192 834 in
1202 783 1292 852 porte
1308 777 1369 836 diei
1381 777 1462 858 sesti,
1481 787 1536 838 urst
1546 783 1721 850 neomeniae,

82 850 196 910 nialur
218 849 250 908 in
273 849 343 926 lege
357 848 442 925 quod
465 848 495 907 in
516 845 772 908 solemnitatibus
794 847 876 907 cerei
931 857 985 908 erit
1003 848 1218 920 sabbatorum,
1238 872 1304 932 qrre
1318 865 1391 915 sunt
1405 856 1514 917 rrrrrhro
1526 859 1720 934 tartarorum.

80 927 354 996 accenderentur;
374 925 428 986 sed
443 926 475 984 in
491 926 559 1004 ipso
571 926 667 987 etiam
685 925 877 986 candelabro
971 928 1158 1005 Respondeo
1180 930 1347 993 dicendum
1370 935 1475 1012 quod,
1495 935 1577 996 sicut
1590 937 1657 1015 jam
1671 939 1722 999 di-

80 1004 225 1068 luceruae
239 1023 311 1068 eum
335 1005 407 1066 oleo
422 1005 580 1066 olivarum
597 1005 875 1084 praeparabantur,
931 1008 1016 1066 clum
1035 1012 1094 1080 est,
1110 1014 1171 1068 art.
1190 1028 1298 1088 prmo,
1314 1017 1471 1090 praecepta
1486 1018 1721 1082 caeremonialia

79 1089 219 1162 utpatet
234 1085 311 1147 ch.
325 1083 375 1144 ΞΒ.
930 1083 1164 1163 dicunturque
1181 1089 1371 1151 ordinantur
1386 1093 1424 1152 ad
1440 1093 1562 1154 cultum
1579 1093 1647 1153 Dei.
1665 1097 1721 1158 Est

120 1161 339 1226 Nihilominus
371 1167 477 1225 tauma
509 1165 613 1240 potest
642 1161 702 1222 dici
726 1159 811 1239 qudd
842 1161 876 1222 in
929 1169 1036 1224 autem
1049 1165 1166 1248 duplex
1178 1169 1283 1230 cultus
1296 1169 1512 1242 Dei‚interior
1524 1179 1555 1230 et
1568 1174 1719 1236 exterior.

80 1243 340 1303 solemnitatibus
365 1243 475 1302 omnia
495 1241 559 1302 alia
578 1259 649 1318 quae
673 1241 877 1318 pertinebant
929 1239 1008 1302 Cdm
1022 1244 1104 1302 enim
1126 1244 1221 1305 homo
1235 1248 1275 1306 sit
1293 1250 1487 1326 compositus
1509 1267 1549 1309 ex
1565 1250 1671 1314 anirnd
1690 1263 1722 1314 et

79 1321 120 1380 ad
134 1321 258 1382 cultum
273 1317 538 1398 Dei,diligentii1s
556 1319 831 1392 observabantur3
846 1325 877 1380 et
929 1337 1074 1398 corpore,
1089 1329 1263 1401 utrumque
1278 1326 1370 1387 dehet
1385 1327 1538 1405 applicari
1554 1328 1592 1387 ad
1606 1331 1721 1390 colen--

78 1398 259 1460 seeundum
274 1399 335 1460 hoo
349 1399 380 1458 in
396 1399 621 1460 observatione
637 1397 876 1459 solemnitatum
927 1397 1003 1459 dum
1017 1401 1134 1472 Deum:
1156 1407 1191 1463 ut
1210 1404 1331 1464 scilicet
1350 1406 1458 1467 anima
1472 1407 1556 1467 eolat
1574 1407 1720 1470 interiori

78 1477 439 1540 omniacceremonialia
455 1477 673 1539 includuntur.
928 1479 1028 1551 cultu,
1052 1483 1083 1540 et
1108 1497 1224 1559 corpus
1250 1485 1423 1556 exteriorir
1440 1485 1526 1548 unde
1548 1485 1664 1546 dicitur
1687 1489 1719 1548 in

118 1557 168 1615 Ad
193 1558 321 1617 tertium
340 1554 508 1616 dicendum
526 1553 614 1632 qudd
633 1571 692 1615 nee
705 1553 760 1616 illa
775 1571 876 1632 erpo·
927 1557 1011 1618 Psal.
1026 1557 1083 1627 83,
1098 1557 1117 1618 3
1134 1579 1141 1618 :
1164 1561 1228 1622 t'or
1241 1579 1340 1621 meum
1354 1573 1382 1622 et
1395 1582 1467 1624 coro
1480 1581 1545 1624 mee
1559 1564 1721 1626 cerritane-

76 1634 157 1694 sillo
184 1635 322 1696 nominis
345 1633 564 1695 videturesse
588 1631 723 1694 multllm
750 1650 875 1694 conve-
927 1636 1721 1720 motinDeumeivumAEtsicuteorpusordinatur

76 1713 194 1787 niens;
210 1731 323 1774 nomen
340 1714 426 1774 enim
441 1711 638 1774 caeremoniae
651 1728 716 1772 non
730 1715 874 1792 estgrae-
926 1713 959 1774 in
971 1715 1069 1774 Deum
1081 1733 1139 1793 per
1147 1718 1300 1792 animam,
1312 1720 1355 1782 ila
1366 1721 1470 1782 cultus
1482 1722 1623 1782 exterior
1634 1723 1720 1784 ordi·

73 1807 167 1864 eum,
186 1791 241 1853 sed
256 1792 404 1854 latinum.
434 1826 436 1830 -
927 1798 1024 1853 nalur
1037 1793 1076 1854 ad
1091 1795 1275 1858 interiorem
1290 1798 1423 1859 cultum.
1446 1799 1597 1862 Consistit
1611 1807 1720 1864 autem

116 1874 226 1931 Potest
242 1871 301 1932 dici
317 1877 423 1932 tamen
438 1869 522 1948 qudd
537 1863 609 1930 edm
628 1869 715 1930 salus
733 1867 871 1930 hominis
926 1871 1060 1941 interior
1073 1875 1176 1935 cultus
1192 1876 1223 1936 in
1238 1877 1298 1937 hoc
1312 1877 1398 1956 quiid
1411 1877 1519 1940 anima
1534 1879 1719 1960 conjunga-

73 1949 116 2010 sit
143 1945 442 2028 allemprricipud
465 1949 520 2010 illa
564 1952 698 2025 recepta
725 1947 873 2008 videntur
926 1953 978 2010 tur
996 1951 1062 2012 Deo
1082 1970 1138 2029 per
1156 1954 1351 2017 intellectum
1366 1962 1397 2016 et
1416 1957 1574 2017 allectum.
1595 1959 1634 2018 Et
1648 1959 1719 2022 ided
1829 2001 1836 2010 -

73 2045 151 2088 esse
176 2028 288 2090 salutis
306 2029 426 2106 regule
449 2044 521 2104 qum
539 1966 699 2086 Romanam
722 2027 873 2088 ordinant
925 2029 1101 2090 secundum
1128 2032 1213 2110 quod
1239 2034 1450 2098 diversimodo
1482 2036 1661 2098 intellectus
1687 2043 1720 2100 et

72 2105 116 2166 ad
133 2108 252 2180 Deum3
266 2111 296 2167 et
311 2107 357 2168 sie
374 2105 609 2167 ceremonialia
626 2105 777 2166 dicuntur
800 2121 873 2184 que
924 2106 1056 2172 allectus
1075 2111 1206 2172 colentis
1229 2113 1333 2174 Deum
1354 2115 1420 2175 Deo
1434 2113 1520 2176 recte
1543 2116 1720 2196 conjungi-

72 2187 113 2246 ad
132 2185 257 2245 cultum
271 2186 328 2246 Dei
342 2186 513 2263 pertinent.
924 2191 988 2257 tur,
1016 2187 1190 2250 secunddm
1216 2191 1276 2253 hoc
1302 2191 1514 2254 diversimode
1540 2195 1716 2258 exteriores

112 2263 165 2324 Ad
180 2270 331 2340 quartum
345 2263 513 2324 dicendum
528 2261 612 2340 quod
631 2261 687 2323 illa
707 2263 789 2322 ratio
809 2281 873 2322 cai-
923 2269 1013 2326 actus
1029 2267 1165 2328 hominis
1183 2269 1220 2330 ad
1235 2271 1355 2330 cultum
1371 2273 1426 2332 Dei
1441 2272 1655 2350 applicantur.

68 2341 302 2404 remonialium
330 2346 379 2404 est
409 2339 644 2419 quodammodo
671 2341 870 2419 probahilis3
963 2344 1000 2405 ln
1017 2351 1101 2406 statu
1121 2347 1207 2406 euim
1227 2348 1341 2412 lutura
1360 2350 1566 2412 beatitudinis
1590 2351 1720 2413 intelle-

69 2439 139 2481 non
159 2421 238 2498 quia
253 2440 292 2482 ex
313 2438 352 2482 eo
372 2421 520 2481 dicantur
534 2418 777 2487 ceremonialia,
794 2419 872 2497 quia
923 2426 992 2484 ctus
1008 2422 1169 2486 humanus
1186 2427 1287 2504 ipsam
1301 2427 1441 2490 divinam
1453 2429 1618 2490 veritatem
1633 2431 1665 2488 in
1682 2448 1718 2493 se

66 2517 189 2561 eorum
203 2500 285 2561 ratio
307 2517 372 2560 non
392 2503 441 2560 est
461 2497 645 2569 manifesta3
671 2497 725 2560 sed
745 2498 806 2559 hoc
824 2502 873 2558 est
923 2499 994 2579 ipsd
1008 2501 1203 2578 intuebitur3
1220 2510 1251 2565 et
1268 2505 1339 2568 ided
1360 2508 1503 2568 exterior
1523 2507 1629 2568 cultus
1651 2525 1717 2568 non

66 2578 235 2656 quoddam
264 2595 486 2656 consequens3
502 2577 580 2654 quia
604 2576 690 2638 enlm
714 2582 871 2655 praerepta
923 2579 1077 2642 consistet
1087 2581 1120 2641 in
1135 2583 1245 2661 aliqud
1256 2583 1370 2664 ligari,
1388 2585 1442 2646 sed
1454 2583 1559 2646 solum
1575 2585 1608 2646 in
1622 2585 1716 2648 laude

67 2657 109 2716 ad
126 2656 252 2718 cultum
270 2657 326 2718 Dei
346 2656 540 2735 pertinentia
557 2660 683 2733 oportet
697 2673 768 2716 esse
782 2655 871 2734 hgu-
922 2658 992 2728 Dei,
1010 2677 1082 2736 quae
1096 2662 1238 2739 procedit
1260 2683 1301 2725 ex
1320 2665 1463 2726 interiori
1486 2664 1668 2742 cognitione
1685 2669 1717 2726 et

65 2736 167 2810 retia,
179 2742 216 2798 ut
227 2734 309 2797 inira
322 2737 455 2808 dicetur,
470 2738 531 2796 art.
547 2751 629 2812 seq..
640 2733 713 2794 inde
724 2738 773 2796 est
785 2733 871 2814 quod
922 2735 1102 2810 allectione,
1122 2739 1296 2800 secundam
1319 2743 1396 2803 illud
1414 2743 1476 2805 lsa.
1493 2741 1530 2802 51
1542 2742 1582 2816 ‚3
1599 2762 1606 2800 ε
1623 2741 1717 2804 Gau«

64 2831 188 2875 eorum
202 2815 285 2876 ratio
300 2832 365 2875 non
380 2817 429 2875 est
442 2813 522 2876 aded
535 2811 717 2874 manifesta.
922 2815 1009 2876 dium
1029 2825 1058 2877 et
1083 2817 1193 2879 letitie
1211 2821 1387 2882 invenietur
1408 2821 1442 2882 iu
1465 2823 1515 2890 ed,
1540 2820 1716 2900 gratiarum

63 2937 255 2998 haeremus
270 2953 307 2996 u.
321 2969 361 2982 -
375 2935 403 2998 U
405 2933 488 2996 treim
501 2939 657 3012 precepta
668 2933 871 2995 ceremonia·
922 2903 1004 2955 “⁶¹²⁰
1021 2903 1048 2955 ‘t
1063 2915 1127 2957 ''⁰³‘'
1140 2897 1255 2958 wudu·

104 3017 157 3078 [Μ
168 3015 236 3076 ,rm
248 3013 406 3098 magt-a·
420 3047 458 3056 „,
469 3012 560 3093 (Μ.)
571 3011 754 3092 mm&
763 3020 825 3072 m·
839 3013 869 3084 1,
961 2973 998 3034 ln
1017 2979 1224 3037 statuentem
1240 2979 1405 3054 praesentis
1423 2979 1493 3040 vilre
1511 2996 1575 3038 non
1591 2995 1714 3055 possu..

103 3089 868 3174 corretion-1⁰1»,aeecclesiae-l
921 3051 1346 3210 tlt‘ltllt'ttallttt
1362 3055 1715 3196 ltilitltlvtltltli

102 3213 342 3276 Adseeundum
352 3211 869 3292 sicproceditur.1.Videturqudd
922 3207 968 3269 ors
982 3209 1139 3270 illrvcescut
1150 3210 1205 3272 suh
1218 3211 1373 3292 aliquibus
1383 3213 1580 3274 sensibilibus
1591 3216 1711 3293 figuris,

84 3297 230 3372 rrecepta
263 3291 497 3354 caeremonialia
524 3307 588 3351 non
617 3290 681 3350 sint
708 3289 867 3368 figuralia.
921 3289 1004 3348 sieut
1028 3289 1202 3368 Dionysius
1228 3291 1354 3360 dicit,1
1387 3309 1457 3371 cap.
1488 3294 1607 3354 coelest.
1636 3294 1714 3356 Hie-

60 3312 214 3435 ssertinet
227 3373 311 3432 enim
328 3371 367 3432 ad
382 3369 524 3431 ellicium
542 3369 713 3447 cujuslibet
732 3369 869 3430 doctoris
907 3366 1041 3440 -rarch,
1066 3369 1152 3430 cina
1179 3370 1276 3444 med,
1300 3369 1512 3432 diversimode
1536 3375 1643 3432 lamen
1659 3391 1714 3434 se-

61 3458 98 3513 ut
120 3451 172 3512 sio
192 3449 377 3529 pronuntiet
391 3451 478 3509 uide
495 3446 578 3508 lacili
595 3447 727 3526 intelligi
751 3449 866 3526 possit,
921 3445 1061 3508 cundum
1088 3446 1251 3508 diversum
1279 3452 1398 3510 statum
1427 3451 1618 3528 cognitionis
1645 3450 1714 3512 hu-

59 3531 154 3594 sicut
172 3529 371 3608 Augustinus
396 3527 470 3589 dicit
491 3525 556 3586 int
575 3526 613 3587 de
627 3527 717 3587 Doct.
742 3526 866 3600 christ,
920 3541 1033 3585 mauae.
1052 3525 1089 3586 lu
1103 3527 1202 3588 veteri
1218 3528 1303 3588 enim
1319 3527 1388 3608 lege
1403 3546 1508 3606 neque
1520 3528 1589 3604 ipsa
1602 3529 1713 3592 divina

59 3627 141 3688 cap.
156 3605 175 3667 lv
188 3615 219 3670 et
233 3608 289 3680 103
304 3613 334 3667 et
348 3606 408 3667 hoc
423 3604 561 3668 maxime
576 3604 785 3666 videturesse
803 3623 869 3666 ne·
921 3603 1037 3664 veritas
1068 3604 1102 3664 in
1130 3623 1165 3666 se
1191 3605 1260 3684 ipsa
1290 3607 1458 3668 manifesta
1488 3610 1576 3678 erat,
1606 3625 1712 3684 neque

59 3686 292 3750 cessariumin
303 3684 515 3765 legislatione,
527 3683 604 3761 quia
617 3689 774 3760 precepta
788 3683 866 3764 legis
919 3681 1017 3742 etiam
1033 3681 1138 3744 adhuc
1157 3685 1324 3762 propalata
1340 3689 1409 3745 erat
1425 3685 1476 3746 via
1497 3683 1536 3746 ad
1559 3686 1618 3745 hoe
1630 3703 1713 3760 per-

59 3766 194 3846 populo
209 3768 455 3844 propo-huntam
470 3763 554 3822 unde
567 3761 618 3822 terr
629 3761 714 3822 dehet
728 3781 789 3821 esse
801 3781 867 3823 mo-
921 3760 1079 3834 veniendi,
1094 3761 1176 3821 sicut
1193 3765 1365 3840 Apostolus
1379 3763 1454 3824 dicit
1468 3762 1506 3822 ad
1520 3763 1617 3823 Hebr.
1629 3765 1659 3822 9.
1671 3765 1710 3824 Et

58 3848 195 3926 riisesto,
207 3843 393 3905 ullsidorus
406 3842 493 3912 dicit,
506 3839 865 3919 lih.5Etym.,cap.21.
920 3837 990 3900 ided
1023 3841 1191 3916 oportehat
1218 3843 1412 3902 exteriorem
1445 3842 1566 3904 cultum
1595 3843 1710 3904 veteris

57 3925 92 3986 Si
106 3923 216 4002 igitur
236 3927 392 4000 praecepta
408 3919 642 3982 caeremonialia
664 3918 738 3978 data
755 3919 818 3980 sint
834 3920 866 3980 in
919 3917 997 3995 legis
1013 3935 1076 3978 uon
1091 3917 1194 3978 sehim
1209 3936 1278 3981 esse
1297 3919 1502 3998 figurativum
1519 3919 1633 3982 tuturis
1648 3938 1722 3996 ve-‚

57 4001 209 4080 alicujus
225 4003 270 4062 rei
285 4000 441 4078 figuram,
459 3998 584 4060 videtur
600 3996 867 4059 inconvenienter
919 3997 1022 4056 ritatls
1035 3995 1317 4059 manifestandaein
1331 3997 1447 4090 patrii,
1460 3998 1514 4059 sed
1530 3998 1624 4059 etiam
1640 4017 1711 4060 esse

57 4079 238 4143 tradidisse
259 4078 441 4172 hujusmodi
459 4081 617 4155 praecepta
637 4077 784 4155 Moyses,
801 4093 866 4137 non
919 4073 1123 4168 liguratlvum
1138 4077 1266 4167 Christi,
1282 4095 1338 4156 qui
1353 4082 1401 4139 est
1415 4077 1466 4140 via
1483 4078 1603 4140 ducens
1618 4078 1656 4138 ad
1673 4079 1711 4140 il·

56 4157 325 4308 θᾚῖᾚξὲῗεᾏὲξ
337 4157 635 4312 gffgffitgupum
646 4233 702 4294 Dei
712 4236 864 4311 aguntur,
918 4153 1172 4294 latgegailrifflfur
1174 4161 1281 4296 affigi
1287 4199 1366 4314 legis
1379 4235 1447 4298 haec
1456 4236 1509 4297 via
1519 4233 1587 4314 jam
1597 4239 1643 4296 esl
1659 4255 1708 4296 ro-

56 4314 211 4380 maximd
228 4314 343 4375 dehent
363 4312 562 4374 honestatem
585 4313 715 4373 hahere.
740 4311 799 4373 Sed
817 4312 867 4376 ia-
920 4311 1035 4372 velata.
1061 4312 1150 4376 Unde
1170 4313 1254 4375 hano
1272 4314 1471 4392 praefigurari
1494 4332 1559 4376 non
1585 4321 1710 4390 oportet

55 4415 143 4460 nere
166 4393 276 4472 aliqua
303 4393 386 4454 tercia
400 4392 441 4453 ad
464 4391 574 4468 aliqua
592 4392 864 4468 repraesentanda,
918 4391 1000 4450 sicut
1016 4390 1167 4462 suturam,
1184 4393 1238 4454 sed
1253 4393 1497 4454 commemorari
1513 4398 1638 4470 oportet
1654 4411 1711 4468 per

55 4477 199 4535 ridetur
222 4489 293 4534 esse
317 4471 519 4540 theatricum,
541 4469 608 4530 sive
629 4469 811 4546 poeticum;
831 4471 865 4532 in
917 4469 1046 4528 modum
1068 4471 1217 4547 preteriti
1247 4472 1295 4532 vel
1317 4469 1499 4548 presentisz
1523 4471 1576 4531 sed
1603 4469 1709 4531 solinu

54 4551 205 4614 theatris
222 4551 306 4610 enim
317 4549 631 4627 repraesentabantur
643 4548 719 4606 olim
733 4565 790 4624 per
806 4549 865 4610 ali·
917 4550 1043 4625 oportet
1056 4549 1140 4624 praeh
1164 4550 1252 4610 urari
1267 4549 1407 4610 suturam
1421 4549 1586 4610 veritatem
1599 4548 1709 4626 gloriae

55 4649 135 4710 qua
159 4645 233 4707 que
254 4629 299 4688 ibi
325 4631 530 4707 gerebantur,
557 4626 702 4717 quadam
726 4627 864 4687 aliorum
917 4615 1059 4686 nonduin'i
1072 4567 1264 4690 reveffalam:
1281 4631 1313 4687 et
1329 4627 1388 4688 hoc
1402 4631 1451 4687 est
1465 4627 1549 4703 quod
1566 4629 1709 4702 Aposto-

55 4711 166 4773 lactu.
178 4707 262 4786 Ergo
275 4707 400 4768 videtur
413 4705 499 4783 quod
517 4705 559 4766 hu
576 4703 700 4766 usmodi
716 4721 782 4765 non
803 4705 865 4766 de·
916 4703 967 4764 lus
990 4704 1066 4766 dicit
1079 4705 1118 4766 ad
1132 4704 1228 4766 Hebr.
1256 4703 1311 4778 te,
1327 4704 1343 4763 1
1360 4723 1368 4763 ι
1383 4703 1528 4766 Uoihrum
1547 4703 1634 4765 habet
1656 4705 1708 4766 lex
1765 4719 1769 4726 ·

54 4790 169 4850 heaut
185 4785 252 4847 lieri
268 4785 307 4848 ad
322 4787 444 4847 cultum
462 4783 531 4844 Dei.
554 4724 613 4844 ded
628 4783 865 4847 caeremonialia
916 4783 1097 4862 futurorum
1113 4781 1275 4850 honorum,
1292 4801 1357 4843 noo
1369 4783 1467 4862 ipsum
1482 4784 1644 4861 irnupinem
1660 4802 1708 4843 re-

54 4865 263 4928 ordinantur
279 4865 319 4929 ad
333 4865 454 4925 cultum
468 4863 537 4933 Ilei,
556 4868 592 4922 ut
605 4863 724 4924 dictum
739 4867 786 4922 est
801 4868 862 4924 art.
917 4879 997 4920 ruri.
1015 4862 1133 4923 Umbra
1154 4863 1240 4923 enim
1260 4860 1366 4922 minus
1390 4866 1438 4923 est
1460 4859 1558 4939 quam
1579 4863 1705 4940 imago,

55 4961 166 5024 praee.
191 4943 276 5023 Ergo
304 4941 538 5005 ceremonialia
564 4958 628 5002 non
655 4940 773 5003 debent
793 4959 864 5004 csse
917 4939 1071 5016 tanquam
1086 4941 1187 5019 inrogo
1213 4941 1373 5019 pertineat
1391 4941 1430 5004 ad
1453 4957 1570 5002 novam
1591 4941 1706 5020 legem,

57 5023 233 5104 figuralia.
916 5017 1114 5080 umbravere
1128 5019 1168 5080 ad
1185 5025 1336 5080 veterem.

100 5103 141 5162 3.
163 5103 338 5170 Praeterea,
354 5099 553 5191 Augustinus
574 5098 649 5188 dicit
662 5098 703 5158 'in
720 5098 862 5169 Euchir.,
957 5097 1003 5157 Ad
1029 5099 1168 5174 primum
1192 5115 1269 5175 ergo
1297 5095 1465 5189 dicendum
1486 5098 1572 5192 quod
1600 5098 1709 5162 divina

52 5176 863 5336 {tt’niiatllitttttttaltitilluaft
916 5192 992 5315 ill
1008 5175 1709 5333 tlltalltlltth”alitial*stalli

53 5358 126 5419 spe
152 5340 185 5399 et
212 5338 378 5409 charitate,
405 5353 471 5397 non
499 5339 575 5396 sunl
595 5334 752 5412 figuralia.
779 5333 864 5412 Ergo
917 5335 962 5395 eis
992 5334 1157 5412 precipitii
1185 5334 1336 5406 materia,
1364 5329 1438 5394 daim
1466 5341 1710 5396 contemnerent
1813 5383 1821 5402 .

54 5420 230 5499 praeoepta
243 5415 479 5480 ceremonialia
488 5429 554 5475 non
567 5413 683 5474 dehent
696 5429 767 5474 esse
779 5411 864 5492 hgu-
917 5430 988 5490 quae
1001 5429 1117 5488 capere
1131 5429 1195 5472 non
1208 5417 1351 5490 possent.
1367 5413 1406 5472 Et
1424 5413 1494 5474 ideo
1514 5414 1623 5474 utilius
1648 5412 1710 5472 luit

53 5497 164 5562 ralla.
917 5496 953 5551 ut
972 5493 1032 5552 suh
1054 5491 1194 5567 quodam
1217 5491 1393 5570 figurarum
1421 5492 1578 5554 velamine
1599 5491 1709 5556 divina

103 5576 138 5636 li.
163 5577 338 5648 Preterea,
357 5568 861 5642 eominusuien,loan.lv,2t:
917 5569 1070 5648 mysteria
1093 5569 1164 5629 rudi
1195 5571 1314 5648 poulo
1348 5569 1567 5640 traderentur;
1594 5573 1629 5632 ut
1661 5570 1708 5632 sie

52 5654 214 5736 Spiritus
229 5665 273 5714 est
286 5654 370 5714 Dein
380 5673 391 5720 ,·
404 5659 431 5713 et
446 5669 497 5712 eos
511 5652 565 5732 pul
581 5650 717 5712 adorem
736 5667 813 5716 euni,
829 5649 864 5710 io
918 5649 1030 5708 saltem
1052 5665 1090 5708 ea
1105 5589 1257 5726 implicitg
1273 5653 1521 5727 cognoscerent,
1545 5646 1621 5716 deiru
1643 5649 1707 5711 illis

52 5733 188 5814 spirite
203 5740 230 5794 et
244 5733 374 5794 vultule
387 5731 519 5793 odorere
536 5736 669 5809 oportet.
685 5727 744 5789 Sed
760 5727 864 5820 ligura
917 5725 1028 5805 liguris
1042 5726 1239 5789 deservirent
1251 5728 1291 5790 ad
1306 5728 1463 5786 honorem
1476 5727 1543 5785 Dei.

55 5829 136 5877 uon
153 5815 203 5874 cst
224 5811 294 5892 ipsa
311 5811 444 5882 veritasi
463 5809 527 5871 imd
539 5813 651 5870 eontra
670 5805 863 5874 seinvicem
958 5805 1002 5865 hd
1015 5805 1189 5868 secundum
1198 5805 1366 5868 dicendum
1376 5801 1474 5881 qued,
1486 5804 1569 5866 sieut
1581 5804 1705 5882 portica
