4006 6344
106 333 159 390 ⁷⁰¹
572 331 705 402 Quaen
718 331 787 394 aar.
802 331 848 392 ns
866 331 985 392 mauu
1005 328 1246 389 murmurum.
1696 349 1749 406 m

103 447 226 543 accidit
242 447 277 510 in
297 447 453 542 creaturis
472 447 725 520 irrationalibus,
740 465 813 528 quus
831 451 902 512 solo
953 450 1157 539 irrationalia
1181 453 1376 547 participant
1407 453 1565 547 rationem
1594 459 1747 521 aternam

103 534 255 608 appetitu
277 527 454 591 naturalia
502 530 536 588 nt
554 533 686 607 propter
707 527 820 604 tinem,
846 528 901 592 sed
955 548 1016 594 suo
1036 533 1148 607 modo,
1170 537 1254 596 elcut
1273 537 1306 595 et
1322 532 1489 596 rationalis
1512 538 1670 598 ereatura.
1687 536 1748 600 Sed

101 610 173 688 agit
188 609 285 670 bomo
321 613 429 686 ropter
466 625 539 669 uem
550 625 608 686 per
620 608 777 670 rationem
790 611 822 670 et
838 625 902 672 ro-

100 685 276 828 luqtatelm.
298 626 384 767 iugo
405 701 472 748 nou
497 693 546 750 est
565 687 676 767 aliqua
696 687 750 750 lex
776 686 899 750 bomini

103 785 150 830 ιιι
165 784 227 829 ura
241 785 279 828 rs.

144 846 176 906 3.
200 846 373 920 Praeterea,
398 841 520 924 quanto
541 843 657 923 aliquis
681 848 731 906 est
756 845 898 920 liberior,

99 928 196 987 tanto
211 921 319 994 minus
334 927 383 986 cst
396 925 548 1004 sublege.
565 923 624 984 Sed
639 925 735 985 bomo
749 928 798 984 est
820 925 899 986 libe-

98 1002 613 1068 rioromnibusaliisanlmalibus
623 1002 899 1096 propterliberum

99 1083 293 1158 arbitrium,
308 1081 394 1160 quod
412 1099 477 1161 pne
491 1081 562 1144 aliis
577 1083 769 1144 animalibus
791 1084 897 1145 babet.

99 1161 183 1224 Cdm
200 1163 210 1222 i
236 1163 299 1223 itur
313 1161 376 1224 alia
390 1160 542 1224 animalia
556 1179 622 1222 uon
643 1161 822 1222 subdantur
835 1162 897 1242 legi

98 1181 262 1380 gutturali,
285 1257 345 1304 nec
360 1239 456 1302 homo
471 1239 566 1303 alicui
583 1240 646 1320 legi
659 1240 799 1304 naturali
814 1243 898 1303 sub—

122 1338 208 1382 eur.

141 1399 202 1460 Sed
215 1400 327 1461 eontra
339 1401 387 1460 cst
422 1396 485 1460 udd
499 1395 674 1471 Romami,
689 1414 787 1476 super
798 1397 894 1460 illude

98 1477 181 1540 Csim
193 1487 309 1557 pentes,
327 1495 393 1557 quo
400 1417 503 1556 legem
517 1496 583 1538 non
594 1475 716 1545 debent,
731 1477 897 1540 naturali-

98 1565 148 1616 ter
161 1576 197 1618 ca
208 1575 275 1636 quo
290 1555 461 1636 legissent,
478 1556 614 1636 faciunt,
628 1556 704 1618 dicit
718 1555 832 1619 Glossa
844 1575 896 1618 or-

98 1635 179 1711 din,
192 1635 276 1714 qudd
285 1636 313 1697 si
322 1653 387 1696 non
396 1633 771 1726 dobcntlegrmscrr'ptam,
784 1635 897 1698 lsodcm

98 1723 204 1776 tomen
229 1713 323 1792 leuem
340 1713 523 1782 naturalem,
543 1713 753 1794 quoquolibet
773 1715 897 1778 intelli-

98 1793 161 1932 qit²
174 1801 204 1854 ct
219 1779 279 1855 sili
295 1792 437 1855 conscius
450 1801 494 1853 ert
504 1791 582 1873 qnid
596 1791 636 1852 sit
651 1791 764 1854 donum
780 1793 896 1875 etquid

97 1889 148 1932 mu
165 1893 226 1933 um.

139 1947 328 2030 Respondeo
343 1949 512 2012 dicendum
525 1949 623 2028 qudd,
637 1949 720 2012 sieut
736 1967 833 2028 supra
848 1951 895 2012 di-

96 2031 187 2092 cium
200 2033 259 2102 est,
273 2033 386 2108 quaest.
401 2047 509 2107 preca,
522 2033 583 2090 art.
600 2030 630 2102 1,
643 2029 683 2091 ad
696 2029 726 2102 1,
739 2029 803 2101 lex,
820 2029 893 2092 edm

95 2109 140 2168 sit
161 2109 274 2189 regula
288 2114 320 2170 et
334 2125 499 2180 mensura,
517 2107 685 2186 dupliciter
704 2111 892 2186 potestesse

95 2184 132 2246 in
158 2187 286 2266 aliquo;
308 2203 375 2248 uno
398 2185 493 2248 modo
513 2185 595 2249 sicut
616 2186 649 2247 in
673 2188 840 2266 regulantp
862 2190 894 2250 et

96 2271 323 2340 mensurante3
347 2266 412 2328 alio
433 2265 527 2326 modo
549 2265 631 2328 sicut
651 2265 684 2326 in
701 2267 847 2344 regulata
862 2271 893 2328 et

95 2352 301 2418 mensurat03
320 2343 398 2422 quia
416 2344 621 2425 inquantum
639 2345 808 2422 participat
826 2345 892 2406 ali-

94 2423 176 2500 quid
189 2423 228 2487 de
240 2421 352 2504 regula
364 2424 413 2485 vel
429 2421 592 2496 mensuri,
606 2423 652 2485 sic
663 2423 829 2502 regulatur
841 2425 893 2488 rel

93 2506 316 2564 mensuratur.
341 2501 525 2564 Undecima
549 2503 657 2564 omnia
681 2519 754 2581 quaa
777 2503 893 2566 divinae

92 2579 303 2720 Providentia
316 2581 509 2654 subduntur,
527 2577 547 2644 a
567 2581 638 2660 lege
650 2579 771 2644 eterna
788 2599 893 2662 regu-

106 2663 204 2722 entur
218 2665 250 2721 et
263 2665 502 2732 mensurentur,
515 2663 551 2721 ut
564 2677 605 2722 ex
616 2659 706 2723 dictis
722 2665 809 2740 patet
829 2665 890 2724 art.

92 2753 206 2816 praec,
230 2738 435 2801 manifestum
456 2742 506 2801 est
523 2737 609 2818 qudd
630 2740 739 2802 omnia
758 2743 893 2819 partici-

93 2821 177 2896 pant
188 2815 373 2897 aliqualiter
385 2819 488 2898 legem
504 2823 669 2890 uternam,
684 2819 716 2880 in
734 2825 892 2898 quantum

93 2897 220 2958 scilicet
234 2916 274 2958 ex
292 2893 504 2976 impressione
519 2898 587 2976 eius
611 2899 730 2960 babent
748 2899 892 2962 inclina-

92 2971 201 3037 tiones
217 2976 250 3038 iu
264 2977 410 3054 proprios
427 2981 517 3038 aetus
531 2980 561 3037 et
576 2975 667 3037 lines.

135 3055 225 3117 luter
240 3059 353 3118 cetera
363 3062 472 3118 autem
488 3055 655 3117 rationalis
669 3057 817 3120 creatura
831 3075 893 3119 ex-

92 3133 275 3195 cellentiori
288 3133 428 3213 quodam
442 3132 536 3194 modo
555 3134 671 3196 divinae
685 3134 891 3212 providentia

91 3211 253 3291 subjacet,
267 3211 472 3292 inquantum
487 3216 519 3273 et
537 3211 609 3290 ipsa
629 3211 664 3274 tit
684 3215 891 3291 prouidentia

91 3291 268 3372 particeps,
284 3291 345 3353 sibi
365 3291 444 3371 ipsi,
468 3295 500 3354 et
515 3291 587 3353 aliis
602 3291 785 3370 providens.
803 3293 891 3357 Unde

91 3375 127 3432 et
139 3369 174 3430 in
185 3367 255 3449 ipsi
268 3370 478 3448 participatur
487 3371 570 3432 ratio
579 3377 709 3444 eterna,
724 3389 891 3450 perquam

953 611 1032 688 quia
1043 613 1210 676 rationalis
1223 617 1371 676 creatura
1384 613 1497 691 portici
1542 618 1635 676 team
1650 615 1748 678 intel·

954 687 1134 753 lectualitcr
1157 699 1189 752 et
1210 693 1421 767 rationaliter,
1448 691 1497 754 ide
1543 697 1746 774 participatio

953 766 1032 848 legis
1045 774 1173 832 aeterum
1185 771 1219 831 in
1233 770 1381 834 creatura
1392 772 1541 835 rationali
1553 775 1682 858 proprid
1691 777 1744 840 lex

952 853 1102 922 vocatum
1117 866 1191 912 nam
1206 850 1260 912 lex
1273 856 1322 912 est
1337 850 1458 929 aliquid
1473 854 1619 925 rationis,
1636 860 1671 916 ut
1683 873 1745 918 su-

952 944 1011 1006 pra
1023 927 1142 990 dictum
1155 931 1214 1002 cst,
1229 933 1341 1007 quest.
1354 949 1461 1008 praec„
1478 936 1538 994 art.
1556 932 1590 1006 ις
1608 934 1642 994 in
1655 952 1744 999 crea·

952 1005 1025 1068 turd
1039 1013 1147 1070 autem
1168 1008 1348 1071 irrationali
1370 1027 1436 1071 non
1455 1012 1666 1090 participatur
1683 1031 1743 1076 ιι-

951 1083 1129 1161 ιίοιιιιιιιι;
1147 1086 1232 1150 unde
1248 1105 1314 1150 nou
1335 1092 1439 1167 potest
1456 1090 1518 1152 dici
1532 1091 1586 1154 lex
1607 1093 1669 1154 nisi
1686 1110 1743 1172 per

951 1163 1201 1230 similitudinem.

950 1331 1130 1394 inuramus
1154 1347 1202 1393 ιιι.
1229 1365 1269 1378 -··
1289 1329 1402 1396 utram
1425 1333 1468 1394 sit
1489 1332 1533 1395 oli
1610 1332 1661 1396 tro
1679 1333 1744 1394 bu-

988 1429 1091 1472 mana.
1110 1443 1148 1456 -
1163 1411 1255 1494 llos„
1269 1418 1376 1492 quest.
1389 1410 1440 1486 stt,
1451 1419 1512 1474 art.
1544 1457 1562 1506 ,⁹
1578 1420 1605 1473 et
1619 1413 1650 1486 S,
1666 1413 1741 1476 dist.

988 1489 1018 1563 a,
1033 1497 1094 1549 art.
1109 1489 1141 1562 2,
1160 1507 1260 1570 corp..
1279 1497 1306 1551 et
1321 1490 1362 1552 ad
1376 1489 1405 1562 5,
1422 1499 1450 1552 et
1469 1491 1499 1564 3,
1516 1491 1589 1554 dest.
1607 1491 1657 1564 tu,
1675 1497 1738 1553 art.

987 1566 1018 1641 2,
1036 1577 1064 1629 ct
1076 1576 1137 1630 ort.
1150 1568 1181 1640 s,
1200 1586 1299 1648 corp,
1317 1571 1445 1631 etitem.
1460 1569 1491 1644 8,
1509 1591 1543 1632 co
1587 1615 1609 1639 .,
1626 1578 1653 1632 ct
1667 1573 1735 1652 fin„

988 1654 1017 1786 ἲι
1030 1647 1060 1786 ιι,
1070 1647 1144 1806 (ἐιῖι.
1159 1648 1211 1723 37,
1221 1647 1323 1725 orm,
1338 1655 1444 1729 quast.
1462 1649 1493 1724 2,
1506 1657 1535 1712 ct
1545 1587 1737 1731 lpuetma,

1002 1745 1059 1786 ec.
1094 1770 1102 1786 .

987 1865 1034 1929 dd
1047 1867 1175 1930 tertium
1195 1868 1240 1932 sic
1253 1870 1445 1949 proceditur.
1460 1871 1489 1932 1.
1506 1871 1640 1934 Videtur
1653 1873 1740 1952 qudd

948 1965 1011 2008 nou
1027 1948 1068 2009 sit
1082 1948 1190 2026 aliqua
1205 1949 1256 2010 lex
1273 1949 1425 2013 bumana.
1449 1951 1517 2012 Lex
1531 1951 1615 2012 enim
1640 1957 1742 2014 natu-

946 2025 1022 2088 ralis
1038 2030 1087 2088 est
1102 2027 1304 2106 participatio
1323 2028 1402 2108 legis
1417 2034 1554 2102 aeterna,
1572 2034 1609 2092 ut
1622 2029 1738 2093 dictum

946 2111 994 2168 est
1008 2109 1068 2166 art.
1106 2124 1177 2168 raee.
1193 2105 1253 2168 Sed
1268 2125 1325 2186 per
1341 2108 1369 2169 le
1393 2127 1443 2171 em
1463 2112 1615 2172 aternam
1630 2111 1738 2176 omniu

945 2187 1022 2246 sunt
1041 2125 1295 2260 orlinatissima,
1310 2191 1346 2249 ut
1367 2127 1416 2248 lu
1463 2188 1567 2250 stinus
1582 2188 1658 2254 dicit
1673 2189 1705 2250 iu
1722 2189 1738 2252 ι

944 2261 983 2325 de
997 2263 1052 2324 lib.
1069 2265 1158 2336 Arb,
1179 2281 1249 2342 cap.
1266 2265 1296 2337 6,
1317 2265 1401 2328 circa
1439 2286 1469 2329 n.
1494 2267 1579 2346 Ergo
1602 2268 1656 2329 lex
1677 2285 1738 2332 ua·

944 2343 1058 2404 turalis
1075 2342 1191 2404 sullicit
1207 2343 1246 2405 ad
1263 2345 1372 2406 omnia
1387 2345 1529 2407 humana
1546 2345 1737 2410 ordinanda.

944 2421 1014 2560 lion
1029 2426 1078 2482 est
1088 2440 1166 2502 ergo
1179 2423 1398 2486 necessarium
1408 2423 1496 2502 qudd
1509 2425 1551 2486 sit
1562 2424 1672 2503 aliqua
1684 2425 1737 2488 lex

968 2517 1099 2564 umana.

983 2579 1013 2640 2.
1036 2582 1204 2656 Praeterea,
1215 2579 1269 2642 lex
1280 2580 1378 2643 habet
1389 2579 1549 2644 rationem
1565 2599 1736 2656 mensurae,

943 2661 981 2720 ut
996 2659 1116 2721 dictum
1138 2662 1188 2722 est
1206 2663 1319 2738 quast.
1342 2677 1451 2738 prae,
1466 2661 1560 2723 arti
1581 2663 1614 2722 et
1630 2661 1660 2721 2.
1678 2661 1737 2726 Sed

944 2737 1027 2800 ratio
1048 2738 1191 2802 humana
1209 2755 1275 2801 non
1294 2741 1343 2800 est
1361 2756 1514 2802 mensura
1536 2757 1662 2813 rerum,
1682 2739 1737 2802 sed

936 2811 1250 2895 'potidsdconvcrsm
1263 2822 1298 2878 ut
1311 2817 1344 2878 ln
1359 2817 1398 2879 1u
1412 2817 1603 2960 Metapbdrs„
1614 2820 1693 2880 text.
1705 2817 1736 2894 d,

943 2895 1069 2958 dicitur.
1094 2895 1179 2976 Ergo
1201 2915 1242 2958 ex
1263 2897 1388 2960 ratione
1408 2897 1529 2960 human
1574 2898 1665 2960 nulla
1684 2899 1736 2962 lex

943 2975 1115 3054 procedere
1132 2978 1247 3053 potest.

982 3053 1013 3114 3.
1035 3057 1202 3128 Praeterea,
1218 3071 1371 3117 mensura
1389 3054 1483 3116 debet
1497 3073 1568 3118 esse
1589 3056 1734 3118 certissi-

942 3151 1007 3207 ma,
1024 3131 1183 3194 utdicitur
1198 3133 1230 3193 iu
1247 3131 1451 3212 testerepo..
1466 3137 1545 3196 text.
1564 3133 1594 3194 3.
1610 3135 1669 3196 Sed
1681 3135 1734 3196 di·-

943 3215 1067 3274 ctamen
1090 3212 1239 3274 humanu
1260 3211 1395 3274 rationis
1418 3211 1571 3274 derebus
1590 3213 1735 3292 gerendis

943 3295 993 3353 est
1015 3289 1182 3363 incertum,
1208 3288 1381 3353 secuudum
1405 3291 1484 3352 illud
1505 3291 1578 3370 Sap.
1602 3292 1651 3365 11,
1673 3291 1735 3353 1t:

942 3369 1159 3448 Capitoliorum
1180 3369 1360 3430 mortalium
1391 3369 1524 3438 timido,
1556 3377 1584 3430 et
1608 3370 1734 3433 incerto

91 3445 193 3510 habet
215 3448 397 3512 naturalem
420 3449 662 3512 inclinationem
687 3449 726 3512 ad
749 3451 891 3513 debitum
939 3449 1148 3529 providentio·
1161 3455 1287 3510 nostre.
1300 3449 1385 3528 Ergo
1400 3449 1582 3512 exratione
1596 3447 1734 3516 damant

92 3532 204 3591 actum
224 3532 256 3589 et
276 3527 391 3602 tinem;
418 3531 450 3590 et
478 3529 551 3590 talis
580 3530 783 3608 participatio
812 3531 889 3610 legis

92 3611 223 3670 eterne
237 3607 386 3670 rationali
401 3607 549 3671 creaturi
565 3606 615 3670 lec
635 3610 792 3671 naturalis
806 3609 891 3670 dici-

92 3687 160 3746 tur.
174 3685 263 3748 Unde
277 3683 350 3748 crim
365 3684 531 3748 Psalmista
545 3685 689 3759 dixisset,
702 3689 785 3749 Psal.
806 3685 837 3760 b,
851 3689 887 3748 ιιι

90 3763 277 3845 sacrificate
289 3765 635 3847 sacrificiumjastitio,
650 3767 743 3844 quasi
757 3767 891 3844 quibus·

91 3842 170 3906 dam
193 3845 411 3922 quaerentibus
434 3848 603 3923 quaesunt
623 3843 754 3926 justitiae
779 3863 889 3923 opera,

92 3921 216 4002 subjun
240 3923 263 3983 it
277 3944 285 3982 r
303 3923 403 3987 Multi
413 3923 546 3984 dicunt:
560 3923 638 3999 Quis
652 3923 787 3986 ostendit
801 3923 891 3986 nodis

93 3993 199 4064 bono?
211 3941 269 4064 gui
278 4003 447 4082 questioni
456 4003 663 4081 respondens,
674 4003 764 4065 dicit:
776 4003 891 4080 Signa·

94 4083 164 4144 lum
180 4086 224 4141 cst
242 4099 336 4162 super
349 4101 406 4143 aas
423 4081 525 4142 lumen
540 4081 647 4143 uultis
663 4082 724 4151 tui,
739 4081 871 4143 llomine
880 4102 891 4151 ,·

93 4160 190 4242 quasi
201 4161 310 4223 lumen
323 4161 456 4223 rationis
473 4162 640 4234 naturalis,
654 4178 718 4239 quo
730 4159 892 4222 discerni-

92 4256 168 4302 mus
179 4240 256 4318 quid
268 4239 309 4301 sit
322 4242 441 4303 bonum
453 4241 569 4319 etquid
582 4241 714 4314 rnatum,
724 4241 808 4319 quod
820 4259 891 4319 per-

93 4319 177 4380 tinet
190 4318 229 4380 ad
240 4319 418 4382 naturalem
427 4319 541 4398 legem,
553 4320 631 4380 nihil
643 4319 729 4382 aliud
740 4321 781 4380 sit
792 4319 890 4399 quam

93 4395 267 4474 impressio
281 4398 413 4460 luminis
424 4397 521 4459 divini
535 4400 567 4458 in
585 4400 687 4460 nobis.
704 4399 790 4462 Unde
805 4405 891 4477 patet

95 4476 184 4554 qudd
196 4477 250 4539 lex
265 4479 422 4540 naturalis
437 4477 517 4538 nihil
532 4479 618 4539 aliud
632 4483 677 4539 cst
692 4476 789 4556 quam
809 4497 890 4556 par-

93 4555 240 4635 ticipatio
254 4557 333 4638 legis
346 4563 472 4622 eternas
484 4557 675 4620 inrationali
690 4556 849 4619 creatura.

136 4635 184 4696 Ad
195 4637 339 4774 ιἱιιιιιιιιιιι
357 4653 434 4716 ergo
454 4635 621 4698 dicendum
633 4635 718 4714 qudd
736 4637 819 4698 ratio
834 4637 890 4700 illa

92 4730 193 4794 proce
215 4721 294 4790 eret,
317 4717 345 4777 si
361 4713 414 4777 lex
432 4716 587 4778 naturalis
603 4721 686 4777 essct
701 4714 821 4796 aliquid
836 4715 891 4774 di-

943 3529 1033 3591 uulla
1046 3529 1100 3590 lex
1109 3527 1286 3606 procedere
1298 3532 1412 3605 potest.

982 3605 1040 3668 Sed
1054 3612 1166 3668 contra
1180 3609 1228 3668 est
1239 3606 1325 3683 qudd
1340 3607 1540 3686 Augustinus
1553 3607 1587 3669 in
1603 3608 1620 3669 1
1639 3605 1678 3670 de
1693 3607 1728 3669 li·

942 3685 1010 3748 ber.
1030 3687 1120 3760 Arb,
1141 3701 1211 3762 cap.
1226 3685 1246 3745 o
1261 3688 1292 3746 ct
1312 3701 1393 3763 seq,
1418 3687 1507 3766 pouit
1526 3685 1605 3749 duas
1626 3685 1732 3766 leges,

941 3777 1041 3826 unam
1053 3767 1216 3837 aeternam,
1232 3766 1264 3824 et
1277 3764 1374 3826 aliam
1393 3765 1618 3846 temporalem,
1635 3783 1733 3846 quam

943 3843 1018 3903 dicit
1030 3861 1100 3905 esse
1114 3843 1299 3904 humanam.

982 3920 1170 4000 Respondeo
1182 3921 1351 3983 dicendum
1365 3921 1463 4001 qudd,
1474 3923 1557 3986 sieut
1570 3940 1669 4002 supra
1683 3924 1728 3986 di-

943 4003 1028 4062 clum
1042 4003 1102 4074 est,
1115 4019 1172 4139 qu.
1187 4018 1295 4079 praa,
1310 4000 1343 4062 iu
1360 4018 1461 4080 corp,
1471 4005 1503 4064 et
1519 4002 1558 4064 ad
1575 4001 1606 4079 2,
1622 4004 1674 4064 lex
1686 4007 1732 4065 est

942 4079 1101 4158 quoddam
1137 4081 1273 4142 ictamen
1291 4081 1438 4159 practico
1452 4081 1598 4143 rationis.
1617 4081 1732 4146 Similis

942 4164 1050 4222 autem
1084 4176 1254 4238 processus
1294 4177 1365 4221 esse
1401 4158 1566 4222 iuvenitur
1598 4161 1732 4224 rationis

942 4237 1089 4318 practicae
1111 4242 1142 4300 et
1161 4237 1367 4318 speculativae
1390 4258 1398 4299 c
1421 4245 1559 4318 utraque
1582 4239 1667 4302 enim
1692 4257 1733 4302 ex

942 4317 1132 4395 quibusdam
1146 4317 1310 4398 principiis
1324 4319 1363 4380 ad
1379 4319 1534 4395 quasdam
1552 4319 1730 4381 conclusio·

941 4413 999 4536 tt
1017 4392 1732 4554 llllilll”loiull'lllirldblild,iiiiii

942 4555 1024 4616 sicut
1043 4554 1074 4615 in
1094 4555 1217 4616 ratione
1229 4553 1425 4632 speculativa
1439 4572 1479 4615 ex
1496 4553 1661 4632 principiis
1677 4555 1733 4614 in-

942 4631 1242 4696 demonstrabilibus
1264 4633 1453 4694 naturaliter
1467 4632 1601 4712 cognitis
1616 4633 1728 4708 produ·

943 4711 1731 4786 cunturconclusionesdiversarumscientiarum,

93 4811 227 4858 versum
247 4791 268 4858 d
288 4795 356 4875 lege
377 4793 512 4868 arternd3
535 4813 600 4856 nnn
622 4799 729 4856 autent
752 4798 801 4857 est
825 4795 890 4857 nisi
941 4808 1080 4868 quarum
1100 4791 1240 4872 cognitio
1263 4809 1326 4852 non
1351 4793 1400 4852 est
1423 4789 1515 4852 nobis
1542 4791 1732 4861 naturaliter

92 4873 244 4951 quandam
262 4874 465 4954 participatio
486 4871 573 4954 ejus,
594 4877 632 4936 ut
651 4874 770 4938 dictum
789 4878 837 4938 est
855 4875 889 4936 in
941 4869 1053 4966 indita,
1070 4871 1124 4932 sed
1147 4887 1204 4950 per
1222 4867 1415 4963 industriam·
1431 4869 1564 4931 rationis
1584 4871 1731 4966 inventap

94 4957 371 5095 οἭιῖιιιιῑιίιιιιιιιιι
381 5031 549 5095 dicendum
562 5021 650 5111 qudd
661 5033 765 5096 omnis
775 5049 890 5112 opera·
941 4955 986 5091 ιιίξ
997 4949 1623 5110 sillibatlslligrpiriirpcllpliilec‘lrlnilrltliillies:
1634 4966 1734 5091 ollula⁸¹

91 5109 141 5171 tio
158 5112 293 5176 rationis
314 5117 346 5175 ct
361 5113 536 5176 voluntatis
556 5112 721 5175 derivatur
740 5113 775 5174 in
796 5114 889 5176 nobis
941 5108 1257 5182 demonstrabilibus,
1273 5125 1403 5170 necesse
1416 5107 1560 5185 estquod
1573 5107 1734 5171 ιιιιοιιιι-

92 5191 136 5253 ab
151 5193 288 5270 eoquod
302 5197 351 5255 est
364 5189 539 5255 secundum
558 5195 718 5264 naturam,
737 5196 773 5252 ut
790 5209 891 5270 supra
942 5205 1037 5252 mana
1052 5188 1250 5268 procedatad
1262 5187 1372 5266 aliqua
1383 5187 1484 5267 magis
1497 5188 1734 5266 particulariter

92 5265 240 5332 habitum
253 5277 312 5345 est,
326 5275 439 5352 quaest.
453 5273 502 5345 10,
515 5274 576 5333 ιιι.
589 5271 617 5332 ι.
631 5271 709 5332 Nam
723 5271 827 5334 omnis
839 5289 890 5334 ra·
942 5267 1156 5346 disponenda;
1168 5271 1199 5328 et
1212 5265 1280 5328 istan
1290 5266 1500 5344 particulares
1510 5267 1731 5346 dispositiones

92 5349 260 5412 tiocinatio
280 5352 444 5414 derivatur
468 5349 488 5414 d
509 5351 674 5430 principiis
699 5351 891 5413 naturaliter
942 5348 1119 5410 adinventus
1133 5341 1476 5409 seeundumrauonem
1492 5347 1665 5409 humanam
1678 5345 1730 5405 di-

93 5429 197 5503 uotis;
221 5433 252 5493 et
274 5431 379 5493 omnis
401 5448 441 5509 ap
485 5431 560 5493 titus
590 5447 703 5490 eorum
721 5447 794 5508 que
815 5433 891 5492 sunt
943 5430 1060 5490 cuntur
1074 5426 1152 5506 lepos
1165 5425 1320 5496 humone,
1341 5426 1519 5489 obseruatis
1531 5426 1603 5488 aliis
1617 5423 1729 5486 condi-

93 5507 256 5582 adfinem,
271 5509 434 5573 derivatur
479 5509 618 5572 naturali
634 5509 776 5588 appetitu
785 5509 891 5570 ultimi
941 5507 1084 5569 tionibus
1101 5523 1172 5584 qum
1190 5505 1349 5585 pertinent
1361 5504 1401 5567 ad
1419 5505 1577 5567 rationem
1590 5502 1682 5583 legis,
1697 5507 1730 5564 ut

93 5579 187 5662 finls3
204 5591 235 5650 et
247 5589 293 5652 sic
303 5589 399 5652 etiam
411 5593 536 5668 oportet
545 5589 629 5667 qudd
643 5590 747 5668 prima
759 5587 891 5652 directio
943 5602 981 5649 su
1004 5586 1171 5648 redictum
1184 5590 1244 5659 est,
1258 5588 1371 5664 quest.
1384 5602 1479 5664 pree.

94 5669 227 5729 actuum
247 5674 433 5733 nostrorum
456 5667 497 5732 ad
517 5668 614 5731 tinem
632 5667 688 5732 ilat
709 5686 767 5748 per
787 5667 891 5748 legem
982 5605 1070 5728 inae
1089 5664 1213 5728 Tullius
1231 5665 1306 5726 dicit
1325 5663 1358 5725 iu
1378 5661 1438 5726 sui
1458 5661 1563 5734 ubet,
1584 5661 1638 5722 lib.
1655 5659 1675 5720 2
1694 5661 1733 5724 de

94 5747 290 5810 uatus-alem.
942 5743 1081 5818 invent,
1096 5743 1253 5822 aliquant.
1269 5745 1343 5805 ante
1359 5741 1429 5816 dm,
1444 5739 1529 5819 qudd
1539 5739 1719 5824 initiumjo

136 5823 185 5892 Ad
197 5827 329 5894 tertium
343 5823 513 5894 dicendum
526 5827 612 5906 qudd
626 5827 723 5892 otiam
736 5825 891 5894 animalia
943 5825 988 5890 ris
1003 5832 1047 5886 est
1058 5821 1077 5886 d
1090 5825 1205 5886 notura
1212 5823 1386 5904 profectam
1394 5839 1406 5892 ,·
1426 5818 1536 5884 mom
1550 5817 1688 5900 mamam
1699 5821 1733 5888 ιιι
