4004 6346
201 301 256 362 ιιι

201 410 358 492 alicujusa
374 407 458 474 unde
468 409 499 471 et
508 405 561 488 jus
577 422 745 470 commuue
759 404 996 544 distinguiturel

198 492 273 576 iure
290 492 432 570 privato;
455 491 487 549 et
507 485 633 548 Tullius
654 485 761 564 ponit,
779 484 835 546 lib.
887 484 925 546 de
944 485 997 552 ln-

200 575 302 642 vent„
323 570 482 647 aliquant.
507 571 582 630 ante
598 565 672 636 lim,
696 581 797 626 unam
825 563 997 642 specialem

200 650 353 714 virtutem
365 649 521 728 pietatem,
531 663 603 724 quae
614 644 741 712 ordinat
751 642 790 704 ad
805 643 925 704 bonum
939 661 996 721 pa-

199 730 280 792 trias.
297 727 357 790 Sed
376 725 500 806 justitia
521 724 675 786 ordinans
698 722 860 782 bominem
876 721 916 785 ad
931 723 997 784 bo-

200 827 278 872 num
291 823 460 870 commune
481 807 531 866 est
549 801 708 882 generalis
732 819 789 879 per
811 799 994 880 imperium,

199 888 278 964 quia
292 903 404 948 omnes
418 888 508 946 actus
526 883 680 946 virtutum
694 879 822 942 ordinat
840 880 878 942 ad
898 879 995 941 finem

200 984 307 1040 suum,
329 965 449 1027 scilicet
470 962 511 1024 ad
538 964 658 1024 bonum
679 976 859 1024 commune.
883 959 994 1022 Virtus

199 1050 320 1114 autem,
337 1039 513 1106 secunddm
524 1041 610 1120 qubd
624 1037 644 1102 a
657 1037 711 1101 tali
724 1037 847 1116 iustitia
858 1037 1000 1117 impera..

198 1128 264 1199 tur,
281 1124 377 1186 etiam
386 1120 522 1202 justitie
538 1137 655 1182 nomen
670 1117 796 1196 accipit.
814 1117 854 1177 Et
866 1117 912 1179 sic
927 1117 996 1178 vir-

199 1207 252 1265 tus
267 1201 288 1266 a
306 1199 431 1282 justitiet
443 1199 538 1279 legali
556 1216 621 1260 non
643 1195 750 1257 dillert
766 1196 827 1260 nisi
846 1197 991 1268 ratione,

199 1282 283 1346 sicut
304 1281 374 1342 sola
396 1278 521 1340 ratione
545 1276 650 1340 diliert
673 1277 775 1339 virtus
790 1291 929 1353 operans
945 1293 995 1336 se·

199 1357 340 1423 cundum
352 1358 502 1436 seipsam,
523 1361 555 1420 et
569 1357 670 1420 virtus
685 1371 823 1434 operans
838 1353 877 1417 ad
891 1354 996 1434 impe-

198 1437 439 1502 riumalterius.
700 1484 703 1489 ,

238 1517 286 1580 Ad
299 1517 428 1578 tertium
440 1513 608 1577 dicendum
618 1512 703 1604 qpbd
718 1512 909 1577 inomnibus
918 1528 995 1590 ope·

198 1595 379 1660 rationibus
393 1595 432 1657 ad
448 1594 605 1674 justitiam
621 1593 792 1671 specialem
806 1591 995 1671 pertinenti·

200 1675 261 1737 bus
274 1679 322 1736 est
335 1673 446 1736 eadem
461 1675 544 1736 ratio
562 1672 658 1736 debiti
670 1694 679 1744 ς
693 1676 725 1734 et
738 1671 809 1733 ided
824 1676 874 1734 est
883 1670 995 1734 eadem

198 1754 301 1816 virtus
319 1753 466 1833 justitie,
482 1751 642 1832 precipue
655 1750 815 1831 quantiam
836 1750 876 1813 ad
899 1767 995 1810 com-

200 1834 415 1906 mutationem
431 1831 511 1894 forte
533 1831 619 1894 onim
636 1830 839 1892 distributiva
853 1833 902 1890 est
915 1828 994 1891 atto·

199 1914 268 1980 rius
287 1913 405 1992 speciei
419 1913 438 1974 a
452 1910 690 1974 commutatiri.
706 1909 768 1982 Sed
782 1909 821 1970 dc
835 1907 896 1970 boc
911 1908 995 1970 inira

200 1997 375 2072 quaeretur,
387 1990 453 2064 23,
470 2008 526 2069 qu.
537 1990 588 2062 61,
601 1994 663 2051 ιιι.
679 1990 709 2049 1.

201 2075 382 2134 marculus
398 2087 443 2130 ιι.
458 2071 533 2132 —U
536 2067 619 2130 trrlm
634 2065 997 2144 circadicersuspessio-

240 2169 294 2212 nes
310 2149 440 2290 <tibersa
451 2149 516 2306 s3'at
530 2149 664 2211 virtutes
674 2147 816 2209 awrotes.
833 2179 871 2190 -
884 2143 894 2226 (
909 2145 994 2226 las..

239 2238 302 2291 ort.
341 2245 452 2300 ,eor.
1017 2275 1019 2280 .

241 2308 289 2371 Ad
298 2246 451 2386 quartuiia
464 2307 511 2368 sic
522 2306 716 2383 proceditur.
726 2306 756 2367 1.
766 2304 900 2366 Videtur
909 2301 996 2381 quod

200 2387 286 2450 circa
300 2387 443 2448 diversas
456 2385 624 2464 passiones
637 2403 702 2446 non
713 2385 777 2446 sint
789 2383 923 2446 diversa
935 2382 997 2442 vir·

201 2470 285 2528 tutes
301 2465 453 2527 morales.
474 2465 595 2526 Eorum
613 2465 699 2528 enim
713 2461 997 2542 qus-conveniunt

201 2546 235 2606 iu
254 2545 432 2624 principio,
453 2549 485 2604 et
499 2542 671 2616 lrne,unus
693 2549 743 2606 est
756 2543 896 2613 babitus,
914 2541 997 2604 sicut

201 2628 289 2703 patet
304 2621 444 2686 maxime
459 2623 492 2684 in
509 2622 663 2686 scientiis.
685 2623 744 2683 Sed
766 2621 910 2684 omnium
923 2636 998 2699 pas·

201 2703 331 2766 sionum
347 2719 450 2764 unum
463 2707 511 2764 est
521 2701 730 2780 principium,
749 2701 871 2762 scilieet
884 2716 996 2790 amors

201 2787 234 2843 et
247 2799 358 2858 omnes
369 2781 565 2845 adeumdem
581 2783 676 2844 tinem
692 2781 918 2852 terminantur,
933 2796 1000 2840 scr-

201 2860 277 2924 licet
301 2860 545 2923 delectationem
566 2861 618 2922 vel
638 2859 812 2932 tristitiam,
835 2864 872 2920 ut
898 2873 999 2935 supra

202 2940 348 3003 habitum
362 2946 421 3014 est,
445 2958 501 3019 qu.
515 2938 567 3012 ιδ,
581 2944 642 3002 ιιι.
670 2941 687 3002 1
712 2943 744 3000 et
764 2937 795 3006 2.
813 2939 899 3018 Ergo
914 2937 999 2999 eirea

200 3035 315 3081 omues
330 3019 497 3098 passiones
506 3023 557 3082 est
571 3037 639 3082 una
649 3015 774 3082 tanttlm
790 3018 921 3086 moralis
934 3016 1000 3080 vir·

202 3103 268 3160 tus.

242 3177 274 3238 2.
296 3178 465 3249 preterea,
481 3177 508 3239 si
525 3177 763 3240 circadirersas
772 3177 940 3257 passiones
950 3193 1000 3238 es-

204 3259 278 3319 sent
299 3255 433 3318 diversae
454 3256 588 3318 virtutes
617 3258 776 3330 morales,
809 3260 1002 3335 sequeretur

205 3333 291 3411 qudd
303 3339 350 3396 ιοι
361 3338 469 3396 essent
481 3337 614 3397 virtutes
627 3337 767 3398 morales
778 3340 858 3415 quot
877 3333 1002 3413 passio-

205 3431 276 3476 nes.
290 3413 349 3475 Sed
364 3414 425 3476 boc
437 3419 524 3492 patet
534 3433 605 3476 esse
617 3414 745 3488 falsum,
761 3414 933 3493 quiacirca
944 3429 1001 3490 op-

205 3492 327 3571 positas
346 3493 513 3572 passiones
542 3497 591 3555 est
615 3511 683 3556 una
708 3499 742 3556 et
766 3493 877 3556 eadem
900 3492 1000 3553 rirtus

205 3571 357 3644 moralis;
372 3572 456 3633 sicut
476 3572 628 3635 tortitudo
643 3574 728 3634 eirca
750 3573 881 3634 timores
892 3576 924 3633 et
943 3587 1001 3634 au-

206 3650 335 3724 dacias3
351 3653 563 3729 temperantia
573 3653 658 3714 circa
670 3651 896 3714 delectationes
906 3656 937 3712 ct
947 3650 1003 3712 tri·

208 3729 323 3792 stillas.
351 3731 421 3791 Non
442 3747 520 3811 ergo
544 3735 672 3811 oportet
696 3737 732 3793 ut
754 3731 840 3792 circa
858 3731 1001 3792 diversas

206 3810 374 3888 passiones
387 3808 430 3890 (1)
444 3811 509 3872 sint
518 3810 654 3874 diverse
664 3810 797 3872 virtutes
810 3810 960 3872 morales.

246 3887 277 3949 a.
300 3889 468 3962 Praeterea,
486 3907 595 3963 amor,
616 3888 878 3969 eoncupiscentia
893 3892 925 3951 et
941 3889 1004 3951 de-

207 3967 336 4030 lectatio
350 3971 428 4028 sunt
445 3969 612 4047 passiones
628 3989 642 4030 s
669 3971 735 4032 ecie
756 3967 950 4040 ditlercntes,
967 3972 1003 4030 ut

210 4063 310 4123 supra
323 4045 468 4109 habitum
483 4051 547 4118 est,
563 4067 618 4127 qu.
656 4049 691 4120 3,
707 4052 768 4110 art.
791 4046 821 4108 l.
842 4048 902 4108 Sed
917 4049 1004 4110 circa

208 4139 319 4186 omues
331 4125 388 4186 bas
401 4128 642 4200 estunavirtus‚
651 4128 771 4190 scilieet
779 4128 1001 4204 temperantia.

208 4203 293 4284 Ergo
309 4203 441 4264 virtutes
452 4206 589 4268 morales
599 4223 664 4268 uon
680 4210 756 4268 suut
771 4206 904 4268 diversas
918 4207 1005 4271 cirea

209 4282 352 4349 diversas
367 4283 546 4359 passiones.
816 4327 822 4340 .

251 4360 310 4422 Sed
322 4365 433 4422 contra
442 4365 489 4421 est
501 4361 586 4441 qudd
602 4361 753 4424 tortitudo
766 4367 813 4424 est
822 4363 906 4426 circa
917 4364 1005 4426 timo-

209 4457 262 4502 res
279 4443 311 4502 et
327 4439 500 4513 audacias,
517 4442 728 4519 temperantia
742 4442 828 4505 circa
849 4444 1006 4522 concupi-

210 4519 363 4592 scentias,
377 4521 591 4582 mansuetudo
606 4521 690 4582 circa
704 4521 781 4594 iras,
795 4526 830 4583 ut
844 4522 1004 4584 diciturin

211 4597 362 4668 aurate,
378 4615 448 4676 cap.
464 4599 527 4662 liet
542 4600 598 4672 10,
610 4607 641 4661 ct
652 4601 685 4661 in
699 4599 731 4672 lt,
747 4619 817 4680 cap.
833 4600 863 4662 5.

250 4677 438 4756 Respondeo
456 4677 623 4741 dicendum
640 4679 727 4758 qudd
748 4698 813 4741 non
837 4683 941 4759 potest
959 4681 1006 4742 di-

209 4756 240 4818 ci
254 4755 340 4835 qudd
360 4759 445 4818 eirca
466 4775 577 4820 omnes
599 4759 765 4837 passiones
790 4761 830 4822 sit
852 4777 918 4822 una
935 4761 1005 4824 sola

213 4835 317 4898 virtus
333 4836 477 4898 moralis.
492 4837 572 4898 Sunt
580 4839 665 4899 enim
680 4839 826 4916 quadam
838 4843 1004 4918 passiones

211 4913 252 4977 ad
267 4913 409 4976 diversas
423 4917 582 4992 potentias
598 4917 794 4994 pertinentes
806 4939 815 4986 ς
829 4919 901 4980 alic
915 4937 1006 4980 nam-

211 5010 277 5070 que
289 4993 449 5072 pertinent
460 4994 499 5055 ad
512 4994 843 5067 irascibilemaliaead
855 4998 1006 5076 concupi-

213 5072 369 5137 scibilem.
382 5078 419 5132 ut
432 5089 531 5151 supra
545 5074 664 5135 dictum
679 5079 744 5146 est,
757 5094 813 5154 qu.
824 5076 879 5148 23,
896 5081 957 5138 art.
974 5079 1004 5139 1.

253 5151 317 5212 Nec
338 5155 445 5212 tamen
468 5157 594 5230 oportet
607 5151 693 5231 qudd
711 5156 816 5216 omnis
837 5155 1004 5219 diversitas

213 5229 402 5308 passionum
425 5230 563 5292 sulliciat
580 5233 619 5294 ad
641 5233 776 5294 virtutes
799 5235 937 5297 morales
955 5236 1007 5296 di-

214 5308 440 5403 versificandas
456 5329 464 5369 ι
483 5311 586 5388 primd
603 5312 735 5406 quidem
758 5313 835 5390 quia
860 5313 1006 5393 quasdam

212 5392 565 5531 ,tacitatacita
570 5393 1007 5550 ,⁵tlt.i¹iaitlttattz

212 5547 270 5620 tia,
284 5547 380 5608 timor
400 5551 432 5609 et
445 5548 591 5621 audacia,
614 5555 645 5610 et
666 5551 732 5612 alia
752 5550 948 5630 hujusmodi.
967 5553 1007 5613 Et

212 5625 299 5687 circa
308 5625 490 5706 hujusmodi
503 5628 671 5706 passiones
681 5629 898 5710 sicoppcsitas
907 5647 1007 5711 opor-

248 5763 289 5836 (ι)
308 5765 363 5834 st..
377 5771 544 5840 mactiones.

569 307 571 312 '
664 290 794 358 tdtttta:
812 288 1040 348 TllEOl.OGlGAE
1060 289 1165 348 eattta
1183 289 1358 352 secubitu.

1050 408 1095 468 tet
1104 422 1174 468 esse
1184 410 1322 470 unamet
1332 405 1481 470 eamdem·
1490 407 1650 472 virtutem.
1664 406 1745 474 cnm
1756 414 1846 480 enim

1050 485 1152 548 virtus
1162 487 1294 548 moralis
1308 485 1340 548 in
1351 485 1489 566 quadam
1496 489 1662 552 medietate
1673 491 1842 565 consistat,

1049 566 1189 626 aredium
1203 565 1236 626 in
1253 566 1423 628 contrariis
1444 567 1650 644 passionibus
1664 568 1845 634 secundum

1048 644 1193 708 eamdem
1207 645 1365 706 rationem
1381 645 1573 718 instituitur;
1587 648 1671 709 sicut
1682 652 1714 710 et
1729 649 1763 710 in
1776 667 1854 712 na-.

1048 723 1206 786 toralibus
1226 723 1310 785 idem
1330 729 1379 786 est
1403 725 1543 788 medium
1560 727 1644 788 inter
1664 729 1854 804 contraria„

1047 807 1084 864 ut
1101 803 1185 865 inter
1203 803 1313 864 album
1333 806 1365 864 et
1381 803 1519 884 nigrum.
1533 803 1679 867 Secundo
1694 806 1773 884 quia
1788 807 1846 868 di-

1047 881 1846 1042 lectitatailititlti'ttt'ildtsat·

1374 1023 1382 1036 .
1616 1007 1624 1036 s
1829 997 1844 1012 ⁸

1046 1035 1121 1100 ditm
1130 1039 1347 1117 impulsumad
1358 1039 1480 1120 idquod
1491 1046 1657 1104 estcontra
1668 1042 1843 1118 rationem,

1047 1119 1098 1182 vel
1118 1116 1294 1181 secundirm
1313 1121 1539 1182 retractionem
1560 1121 1602 1182 ab
1624 1138 1664 1182 eo
1685 1121 1771 1199 quod
1792 1125 1845 1184 cst

1047 1193 1222 1260 secunddm
1240 1198 1410 1259 rationem.
1427 1199 1467 1260 Et
1483 1198 1554 1260 ideb
1567 1199 1701 1262 diverses
1715 1201 1844 1292 passio-

1046 1293 1104 1338 nes
1114 1276 1372 1354 concupiscibilis
1388 1294 1453 1338 uon
1464 1279 1628 1358 pertinent
1639 1277 1680 1340 ad
1692 1278 1842 1346 diversas

1046 1355 1180 1420 virtutes
1197 1355 1348 1428 morales,
1393 1357 1445 1420 uia
1467 1373 1579 1420 earum
1602 1361 1708 1420 motus
1724 1375 1843 1422 secun-

1046 1431 1126 1498 dum
1143 1435 1314 1514 quemdam
1332 1374 1484 1498 eritnem.
1502 1451 1537 1496 se
1562 1435 1700 1498 invicem
1720 1453 1845 1500 consc-

1046 1519 1203 1592 quuntur,
1216 1517 1328 1592 utpote
1341 1513 1379 1575 ad
1395 1513 1478 1576 idem
1493 1514 1644 1588 ordinati,
1659 1515 1782 1578 scilieet
1801 1515 1845 1580 ad

1046 1593 1307 1672 consequendum
1334 1594 1471 1666 bonum,
1499 1594 1551 1656 rel
1582 1593 1622 1658 ad
1654 1593 1845 1675 fugiendum

1046 1671 1182 1746 malum;
1210 1673 1292 1734 sicut
1319 1690 1361 1734 ex
1386 1689 1496 1736 amore
1518 1671 1660 1752 procedit
1680 1675 1847 1753 coucupi-

1046 1751 1179 1822 scentia,
1195 1754 1227 1813 et
1247 1769 1289 1813 ex
1314 1751 1574 1828 concupiscentia
1596 1753 1784 1830 pervenitur
1802 1751 1846 1815 ad

1046 1826 1299 1892 delectationem.
1317 1829 1354 1891 lit
1367 1829 1477 1892 cadem
1493 1831 1577 1894 ratio
1591 1835 1639 1892 est
1652 1831 1690 1892 de
1705 1831 1848 1922 opposi÷

1045 1907 1098 1980 tis,
1113 1910 1191 1988 quia
1202 1928 1240 1970 ex
1251 1909 1325 1970 odio
1333 1910 1480 1988 sequitur
1488 1909 1564 1990 fuga
1573 1909 1624 1972 vel
1631 1910 1845 1988 abominatio,

1046 2005 1118 2068 quse
1145 1988 1290 2067 perducit
1316 1989 1356 2051 ad
1383 1987 1555 2050 tristitiam.
1583 1988 1644 2050 Sed
1673 1989 1857 2068 passiones,

1046 2066 1216 2130 irascibilis
1233 2084 1297 2128 uon
1313 2071 1389 2129 sunt
1403 2067 1501 2130 unius
1517 2067 1650 2140 ordinis,
1665 2067 1719 2131 sed
1733 2068 1775 2130 ad
1788 2069 1848 2130 di-

1046 2163 1142 2210 tersa
1158 2146 1361 2210 ordinantur.
1376 2147 1457 2208 Nam
1476 2145 1609 2208 audacio
1623 2150 1654 2208 et
1673 2147 1769 2208 timor
1782 2166 1848 2210 or-

1046 2225 1201 2288 dinantur
1228 2225 1267 2287 ad
1293 2225 1426 2304 aliquod
1458 2243 1613 2305 magnum
1644 2225 1846 2304 periculum

1046 2321 1116 2382 spes
1132 2310 1164 2368 ct
1180 2304 1354 2384 desperatio
1367 2304 1408 2368 ad
1418 2303 1550 2384 aliquod
1560 2305 1846 2382 bonumarduum3

1047 2383 1845 2464 iraautemadsuperandumaliquodccntrarium,

1047 2463 1135 2541 quod
1145 2469 1373 2526 nocumentum
1387 2464 1505 2526 intulit.

1087 2542 1205 2606 Etideb
1215 2542 1299 2606 circa
1315 2543 1373 2606 bas
1384 2545 1850 2624 passionesdirersarirtutes

1048 2622 1252 2695 ordinantur,
1267 2626 1379 2700 utpote
1396 2625 1601 2705 temperantia
1615 2625 1700 2687 circa
1714 2627 1850 2704 passio-

1049 2719 1106 2762 nes
1120 2701 1390 2780 concupiseibilis,
1404 2702 1561 2796 fortitudo
1572 2703 1657 2766 eirca
1667 2705 1800 2767 timores
1816 2709 1850 2768 et

1047 2781 1851 2863 audactasmaqeantmuesetreaspemetdespera-

1049 2860 1181 2931 tionem,
1194 2859 1397 2922 mansuetuda
1413 2861 1500 2924 circa
1515 2861 1593 2923 iras.

1091 2938 1137 3000 Ad
1154 2939 1294 3016 primum
1323 2955 1401 3032 ergo
1426 2940 1594 3002 dicendum
1617 2939 1703 3019 qudrl
1732 2957 1850 3006 omnes

1050 3017 1218 3098 passiones
1234 3024 1431 3080 conveniunt
1444 3019 1477 3080 in
1487 3036 1554 3080 uno
1568 3020 1727 3113 principio
1742 3020 1850 3084 ettine

1052 3097 1226 3169 communi,
1242 3102 1431 3160 nouantem
1448 3098 1480 3158 iu
1494 3115 1561 3159 uno
1575 3115 1707 3176 proprio
1743 3099 1853 3162 rinei-

1052 3177 1117 3254 pio,
1131 3193 1190 3238 seu
1203 3177 1285 3250 tine3
1300 3177 1385 3237 unde
1400 3176 1462 3240 ltoc
1479 3194 1544 3238 non
1556 3176 1674 3240 sufficit
1687 3194 1707 3241 a
1741 3179 1853 3250 cuda-

1052 3261 1116 3316 tem
1130 3256 1258 3316 virtutis
1272 3256 1415 3318 moralis.

1092 3333 1139 3394 Ad
1154 3335 1329 3396 seeundum
1344 3333 1514 3400 dicendum
1527 3333 1631 3413 qudd,
1644 3334 1727 3397 sicut
1738 3335 1772 3396 in
1786 3352 1853 3400 na.
1915 3347 1921 3358 ·

1052 3413 1212 3475 turalibus
1232 3413 1316 3474 idem
1332 3420 1381 3475 est
1396 3413 1590 3492 principium
1606 3430 1673 3492 quo
1688 3414 1853 3478 receditur

1053 3494 1095 3554 ab
1109 3508 1175 3552 uno
1194 3492 1373 3570 principio,
1397 3497 1430 3554 et
1449 3493 1611 3556 acceditur
1631 3491 1797 3566 adalind,
1817 3498 1851 3556 et

1053 3572 1087 3632 in
1096 3570 1310 3633 rationalibus
1323 3577 1371 3634 est
1378 3570 1490 3634 eadem
1505 3572 1587 3634 ratio
1597 3572 1850 3646 contrariorum,

1054 3650 1100 3712 ita
1114 3651 1211 3712 etiam
1226 3650 1327 3712 virtus
1342 3650 1487 3722 moralis,
1497 3667 1571 3728 que
1587 3650 1621 3712 iu
1633 3649 1763 3714 modum
1781 3668 1852 3714 ua-

1053 3735 1134 3792 turoe
1151 3729 1270 3791 rationi
1283 3730 1458 3805 consentit,
1474 3734 1524 3794 est
1538 3729 1650 3792 eadem
1666 3729 1853 3794 contraria-

1053 3825 1127 3873 rum
1143 3807 1342 3886 passionum.

1095 3886 1142 3947 Ad
1162 3888 1291 3950 tertium
1309 3886 1484 3950 dicendum.
1498 3886 1585 3963 qudd
1601 3887 1665 3950 illes
1685 3891 1751 3950 tres
1765 3904 1851 3966 pas·-

1055 3965 1851 4046 slonesadidemobjectumordinantursecundina

1055 4045 1227 4123 quemdam
1249 4046 1414 4118 ordinem,
1436 4048 1472 4105 ut
1492 4045 1679 4109 dictumest
1703 4046 1737 4108 in
1756 4063 1849 4126 corp.

1054 4129 1135 4196 art,
1149 4127 1181 4186 et
1200 4124 1271 4186 ided
1286 4124 1327 4188 ad
1349 4124 1494 4188 eamdem
1517 4125 1670 4188 virtutem
1690 4125 1851 4189 moralem

1055 4203 1226 4282 pertinent.

1055 4325 1237 4388 Anrtcutus
1256 4343 1288 4386 v.
1303 4359 1341 4368 —
1355 4323 1468 4386 Utrdm
1482 4324 1615 4394 uirtutes
1629 4323 1761 4386 morales
1776 4323 1853 4388 dis-

1097 4404 1289 4498 tiaquoatcr
1307 4401 1476 4466 secundam
1501 4403 1625 4466 diuerso
1643 4401 1762 4486 objecto
1772 4422 1854 4486 pos-

1095 4501 1231 4546 stonum.

1096 4581 1142 4643 ad
1154 4582 1302 4661 quintum
1315 4579 1362 4644 sic
1372 4579 1566 4660 proceditur.
1579 4581 1608 4643 l.
1618 4579 1753 4644 Videtur
1764 4581 1854 4661 qudd

1056 4661 1191 4724 virtutes
1199 4660 1338 4722 morales
1348 4677 1413 4722 nnn
1423 4658 1663 4740 distinguantur
1671 4659 1852 4723 secundum

1057 4738 1182 4820 objecta
1203 4738 1403 4818 passionum.
1421 4739 1508 4800 Sicut
1521 4739 1608 4801 enlm
1627 4745 1705 4802 sunt
1722 4741 1852 4820 objecta

1080 4820 1266 4890 assianum,
1290 4817 1334 4878 ita
1357 4823 1433 4880 sunt
1457 4817 1583 4898 objecta
1610 4818 1852 4898 operationum.

1057 4838 1117 4959 ies
1141 4897 1274 4959 virtutes
1295 4897 1432 4958 morales
1447 4913 1521 4974 quse
1537 4902 1615 4960 suut
1628 4899 1714 4961 cirea
1731 4914 1855 4978 opera-

1057 4978 1180 5048 tiones,
1192 4993 1258 5036 nou
1270 4977 1514 5055 distinguuntur
1532 4975 1709 5039 secuudum
1724 4978 1853 5058 objecta

1058 5055 1301 5134 operationum
1322 5054 1363 5116 ad
1379 5054 1523 5118 eamdem
1535 5056 1620 5119 enim
1633 5056 1785 5120 virtutem
1793 5055 1854 5137 ju-

1060 5135 1153 5196 stitiae
1167 5135 1307 5212 pertinet
1320 5152 1425 5196 emere
1447 5135 1497 5198 rel
1517 5135 1655 5198 rendere
1670 5136 1804 5204 domum
1820 5141 1854 5198 et

1058 5213 1283 5294 equumErgo
1293 5213 1388 5275 etiam
1401 5231 1461 5276 uec
1475 5213 1608 5276 virtutes
1622 5213 1763 5278 morales
1777 5231 1853 5293 qun

1059 5298 1134 5354 sunt
1149 5292 1234 5354 cirea
1249 5294 1428 5371 passiones,
1442 5292 1701 5356 diversificantur
1714 5311 1774 5372 per
1788 5293 1852 5356 olr-

1056 5371 1140 5452 jecta
1151 5373 1351 5450 passionum.

1098 5451 1128 5512 2.
1151 5451 1319 5524 Praeterea,
1334 5450 1501 5528 passiones
1514 5453 1590 5513 suut
1606 5449 1738 5530 quidam
1756 5455 1849 5515 actus

1060 5531 1112 5592 vel
1128 5535 1234 5592 motus
1251 5529 1411 5608 appetitris
1429 5530 1586 5590 sensitiri.
1606 5529 1665 5592 Sed
1680 5531 1785 5610 major
1793 5529 1849 5590 di-

1061 5609 1194 5671 versitas
1205 5609 1381 5687 requiritur
1394 5608 1434 5668 ad
1446 5607 1663 5672 diversitatem
1677 5609 1849 5672 habituum

1059 5684 1158 5765 quam
1172 5687 1210 5750 ad
1224 5687 1440 5750 diversitatem
1449 5687 1735 5751 actuumliiversa
1749 5689 1849 5768 igitur

1060 5767 1204 5845 obieeta,
1219 5783 1292 5846 qna
1307 5783 1370 5828 non
1387 5765 1603 5831 dirersiticant
1615 5767 1755 5848 speciem
1771 5784 1853 5848 pas-
