4038 6350
263 343 265 350 >
293 318 347 374 eu
598 375 603 383 ,
768 321 895 380 suarna
914 317 1138 378 rneneootcn
1158 324 1260 382 aaran
1279 325 1458 386 secusne.
1855 343 1895 400 sn

177 449 179 454 ·
255 447 361 498 ,tum
385 445 499 503 natura
520 440 658 510 hominis
678 438 893 506 deordinatnr,
914 439 1077 500 voluntate
1129 446 1246 514 peccet.
1262 441 1292 502 st
1307 443 1404 522 igilur
1415 443 1553 504 homoin
1565 450 1692 523 peccato
1707 453 1827 512 mortali
1840 460 1895 514 en·

292 515 431 580 hominis
446 519 501 581 Dei
516 536 581 580 non
595 517 755 596 subjecta:
777 518 837 580 hoc
857 517 942 579 enim
965 517 1075 578 ordine
1129 524 1213 600 stens
1237 537 1301 579 non
1317 525 1420 598 potest
1435 539 1499 583 non
1522 541 1671 600 peccare,
1686 527 1807 589 videtur
1823 535 1894 608 quod

290 597 433 670 sublato,
457 615 656 675 consequens
676 601 723 658 est
745 601 779 656 ul
797 601 863 658 tota
885 600 1000 672 natura
1019 595 1077 656 ho-
1127 594 1246 659 lrustra
1262 597 1290 659 ei
1301 601 1460 678 correptio
1473 600 1678 679 adhibeatur;
1692 607 1776 684 quod
1790 615 1835 670 est
1850 611 1897 671 in-

290 676 384 736 minis
400 675 558 753 peccantis
575 675 940 736 inordinatarenraneat.
959 676 1074 736 Beatus
1127 677 1334 738 conveniens.

287 755 365 820 verb
395 771 496 832 poenae
520 758 568 814 est
591 771 650 832 per
675 771 771 830 quem
796 753 891 813 horno
916 751 1074 831 peccando
1165 753 1194 814 3.
1217 756 1390 828 Praeterea,
1410 755 1506 818 Eccli.
1532 757 1582 824 15.
1607 757 1656 831 18,
1678 761 1895 827 dicitnr:.lrsle

288 833 466 894 mortaliter
485 836 627 894 meretur
650 831 884 894 damnationem
911 837 1071 892 eternam.
1125 827 1276 892 hominem
1289 834 1354 896 uita
1369 843 1396 894 et
1410 853 1503 903 mors,
1518 835 1630 897 bonum
1646 847 1673 898 et
1688 839 1798 900 mnium
1808 845 1895 922 :qnod

286 911 491 972 Manifestum
516 915 564 972 est
591 914 697 972 autem
726 909 765 970 de
794 910 928 988 singulis
958 909 1074 970 horum
1119 910 1328 986 placueritci,
1340 911 1467 972 dabitur
1480 914 1609 976 itti.Sed
1621 917 1739 996 aliquis
1750 924 1894 996 peccando

285 992 384 1050 trium
431 989 492 1051 udd
519 1006 583 1050 non
605 993 739 1066 possunt
762 987 904 1065 reparari
926 987 988 1048 nisi
1016 1005 1074 1066 per
1125 1005 1189 1047 non
1210 989 1325 1051 desinit
1341 1009 1412 1053 esse
1433 992 1540 1052 homo.
1560 993 1644 1072 Ergo
1657 996 1769 1057 adhuc
1789 998 1820 1056 in
1836 1001 1893 1078 ejus

284 1009 491 1131 Deumffihm
506 1069 591 1128 enim
605 1065 701 1128 decor
719 1067 829 1144 gratiae
844 1066 1011 1142 proveniat
1031 1086 1073 1128 ex
1123 1071 1280 1142 potestate
1300 1073 1348 1129 est
1371 1069 1487 1148 eligere
1508 1073 1626 1131 bonurn
1646 1075 1697 1133 vel
1718 1076 1851 1146 matum;
1870 1083 1895 1139 et

284 1147 500 1208 illustratione
519 1145 619 1206 divini
638 1145 780 1215 luminis,
802 1161 865 1205 non
879 1148 984 1222 potest
996 1147 1070 1206 talis
1123 1143 1165 1205 ita
1178 1147 1386 1221 potesthomo
1407 1149 1477 1210 sine
1496 1149 1599 1227 gratia
1613 1151 1716 1212 vitare
1733 1159 1893 1229 peccatum.

283 1225 379 1286 decor
393 1225 427 1286 in
442 1221 549 1287 anima
561 1223 715 1302 reparari,
727 1223 787 1283 nisi
802 1225 868 1284 lieo
880 1223 984 1284 denud
998 1223 1072 1284 illu·
1161 1222 1218 1284 Sed
1244 1229 1354 1286 eontra
1376 1232 1424 1288 est
1446 1227 1530 1304 quod
1552 1229 1750 1307 Augustinus
1766 1231 1855 1302 dicit,
1869 1234 1894 1294 in

283 1308 424 1375 strante;
449 1302 534 1364 unde
555 1301 731 1380 requiritur
751 1302 913 1363 habituale
938 1301 1070 1376 donum,
1121 1301 1177 1361 lib.
1192 1302 1230 1363 de
1247 1301 1440 1364 Perleetione
1462 1303 1603 1383 justitiae,
1620 1307 1652 1366 in
1665 1306 1728 1369 line
1742 1328 1750 1368 :
1762 1307 1894 1388 Quisquis

282 1382 430 1458 uuellest
441 1382 552 1460 gratias
564 1383 683 1442 lumen.
700 1380 850 1441 Similiter
863 1379 1071 1442 ordonaturee
1120 1388 1211 1457 nepot
1220 1397 1276 1440 nos
1286 1399 1376 1441 orere
1385 1382 1503 1450 dedere·
1515 1402 1553 1444 nc
1564 1385 1712 1445 intremus
1722 1387 1895 1449 intentatio·

281 1460 428 1536 reparari
443 1477 507 1520 non
524 1464 639 1536 potest,
653 1463 689 1520 ut
706 1458 826 1519 scilicet
843 1458 990 1519 voluntas
1004 1458 1071 1520 ho-
1120 1457 1317 1538 ecumque
1337 1459 1510 1522 outenhec
1547 1481 1580 1524 m
1602 1464 1763 1525 contendit
1784 1465 1895 1526 Maon

281 1539 376 1599 minis
391 1539 457 1599 lieo
478 1537 685 1616 subjiciatur,
707 1537 768 1598 nisi
787 1537 853 1596 Deo
874 1537 1070 1598 voluntatem
1117 1539 1306 1614 peccandum
1319 1539 1428 1616 gretie
1441 1539 1497 1599 Dei
1540 1539 1896 1680 sutoriumnonesrcltc·

279 1616 421 1678 hominis
433 1616 472 1678 ad
487 1635 521 1678 se
534 1617 690 1687 trahente,
706 1616 788 1676 sicut
805 1615 922 1676 dictum
944 1620 991 1674 est
1007 1618 1067 1676 art.
1118 1615 1197 1677 mini
1208 1617 1422 1685 necessarium,
1434 1617 1488 1677 sed
1504 1636 1537 1678 co
1551 1621 1570 1678 d
1584 1619 1648 1696 tcpc
1663 1623 1790 1698 accepto
1804 1621 1895 1683 hune-

280 1711 375 1771 prtec.
397 1695 548 1756 Similiter
571 1693 667 1756 etiam
690 1697 797 1754 reatus
826 1710 924 1771 poenre
944 1697 1069 1754 aeternee
1119 1709 1191 1752 nam
1204 1696 1569 1775 cccsflccrccoluntotem),
1583 1696 1761 1758 edcurrtnu
1774 1702 1896 1761 omnium

279 1773 396 1834 remitti
415 1791 481 1834 non
501 1777 606 1850 potest
621 1772 682 1832 nisi
706 1769 726 1834 a
746 1772 831 1844 Deo,
848 1773 882 1831 in
904 1788 1000 1848 quern
1022 1776 1070 1834 est
1118 1773 1342 1840 removendum,
1364 1783 1393 1834 ct
1415 1792 1467 1836 cre
1493 1775 1629 1836 omnium
1643 1777 1897 1838 enothanotison·

278 1849 402 1914 ollensa
417 1853 598 1923 commissa,
610 1855 641 1912 et
654 1851 708 1928 qui
723 1856 771 1910 est
780 1849 945 1910 hominum
955 1849 1066 1928 Judex.
1119 1848 1193 1909 dum
1206 1869 1268 1910 erse
1281 1851 1479 1913 condebito.

277 1927 317 1989 Et
338 1931 409 1992 ided
430 1930 607 2008 requiritur
628 1929 786 1990 auxilium
812 1929 921 2006 gratiae
944 1929 983 1989 ad
1008 1930 1068 1990 hoc
1156 1929 1343 2006 Respondeo
1356 1930 1523 1992 dicendum
1537 1931 1622 2010 qudd
1641 1931 1681 1993 de
1699 1932 1831 1994 homine
1844 1935 1896 1994 du-

151 2037 154 2044 ,
278 2007 363 2084 qndd
380 2009 475 2069 homo
492 2006 512 2072 h
530 2011 660 2085 peccato
682 2012 847 2085 resurgat,
865 2011 896 2066 et
910 2005 1067 2082 quantirm
1117 2003 1242 2083 pliciter
1255 2007 1342 2085 loqui
1355 2010 1718 2085 possumuszunomodo
1732 2011 1896 2072 secundun

278 2086 318 2146 ad
333 2088 497 2148 habituale
511 2087 641 2158 donum,
655 2088 686 2146 et
700 2081 858 2163 quantiam
870 2085 911 2146 ad
929 2085 1067 2146 interio-
1117 2087 1235 2144 statum
1250 2091 1373 2148 nature
1386 2088 1533 2166 integree3
1544 2089 1608 2150 alio
1622 2089 1715 2150 modo
1731 2089 1895 2151 secundina

277 2181 346 2225 rem
360 2166 416 2226 Dei
431 2165 613 2226 motionem.
1117 2164 1235 2224 statum
1255 2168 1378 2226 naturas
1397 2171 1565 2243 corruptas.
1588 2165 1770 2228 Secundirm
1787 2173 1895 2228 statem

318 2243 363 2303 ad
379 2244 516 2322 primurn
533 2259 609 2323 ergo
626 2241 794 2304 dicendum
815 2241 899 2320 qudd
918 2241 995 2302 illud
1010 2245 1067 2303 in-
1116 2241 1244 2318 quidem
1260 2247 1381 2304 naturas
1394 2245 1523 2324 integrm
1536 2245 1633 2306 etiam
1646 2247 1716 2306 sine
1733 2245 1836 2324 gratia
1850 2247 1897 2306 ba-

276 2321 393 2383 dioilur
407 2321 527 2382 homini
542 2321 628 2398 quod
645 2321 783 2399 pertinet
798 2320 838 2381 ad
853 2323 959 2382 actum
973 2321 1065 2383 liberi
1116 2319 1228 2381 bituali
1241 2326 1367 2398 poterat
1378 2322 1472 2384 homo
1487 2339 1551 2383 non
1566 2339 1699 2402 peccare
1714 2341 1776 2384 nee
1787 2329 1896 2384 morta·

276 2401 419 2473 arbitrii;
435 2401 491 2478 qui
506 2399 683 2477 requiritur
697 2399 729 2459 in
746 2398 808 2460 hoo
828 2397 914 2475 qudd
934 2399 1028 2460 horno
1045 2397 1065 2462 a
1115 2396 1198 2470 liter,
1215 2416 1275 2460 nec
1286 2399 1557 2479 venialiter3quia
1577 2417 1707 2479 peceare
1721 2401 1804 2461 nihil
1820 2403 1897 2464 aliud

275 2475 1063 2558 peccato-resurgat.Etidebodmdiciturzldoeurpc,
1116 2480 1163 2535 est
1178 2475 1276 2553 quarn
1290 2478 1436 2539 recedere
1451 2480 1492 2540 ab
1514 2479 1651 2557 eoquod
1667 2484 1714 2540 ost
1732 2477 1897 2540 secundum

277 2563 307 2616 ct
320 2556 511 2619 ittmniaobit
524 2565 553 2617 te
566 2555 722 2624 Chrtetm,
739 2560 863 2616 nonest
877 2556 1058 2635 intelligen-
1115 2558 1265 2615 naturam
1280 2575 1288 2626 ;
1304 2557 1389 2632 quod
1401 2556 1503 2618 vitare
1518 2557 1614 2618 homo
1625 2562 1752 2635 poterat
1769 2559 1802 2617 in
1819 2565 1896 2618 statu

274 2633 350 2696 dnm
364 2635 449 2714 qnbd
463 2631 899 2712 totaessurrectiodpeecato
909 2635 1066 2711 precedat
1115 2638 1239 2694 nature
1256 2633 1400 2713 integrm
1419 2641 1604 2696 nontamen
1621 2635 1681 2695 hoc
1696 2639 1824 2714 poterat
1835 2637 1897 2696 sine

274 2713 541 2777 illuminationem
555 2714 684 2804 gratiast
704 2712 759 2774 sed
778 2713 855 2789 quia
878 2708 950 2774 edm
967 2712 1064 2773 homo
1115 2711 1300 2772 auxiliollei
1316 2715 1441 2774 inbono
1452 2714 1682 2784 conservantis,
1697 2730 1766 2790 quo
1781 2715 1898 2774 subtra-

274 2808 333 2868 per
345 2793 482 2855 liberum
496 2791 663 2854 arbitrium
678 2788 697 2852 a
715 2789 782 2852 Deir
794 2794 914 2850 motum
932 2807 1064 2870 surgere
1115 2794 1177 2858 cto,
1194 2791 1288 2851 etiam
1305 2791 1375 2868 ipsa
1398 2797 1513 2852 natura
1531 2792 1564 2852 in
1582 2791 1719 2852 nihilum
1735 2791 1896 2853 decideret

274 2877 410 2932 conatur
424 2868 444 2933 d
458 2869 838 2949 peecato,recipitlumen
851 2869 1064 2948 gratiaejusti-
1153 2867 1190 2927 ln
1219 2871 1303 2929 statu
1331 2875 1437 2930 autern
1458 2874 1582 2931 naturae
1604 2875 1765 2947 corruptas
1788 2870 1898 2948 indiget

273 2947 409 3012 licentis.
1114 2945 1210 3006 bomo
1233 2945 1335 3024 gratia
1359 2945 1511 3009 habituali
1534 2951 1667 3010 sanante
1693 2955 1843 3009 naturam
1864 2947 1898 3008 ad

313 3027 360 3087 ad
375 3027 550 3090 secundnm
563 3025 731 3089 dicendum
744 3025 829 3103 qudd
844 3025 1001 3088 naturalis
1011 3043 1063 3090 ra·
1113 3022 1175 3085 hoo
1189 3023 1274 3102 qudd
1289 3025 1420 3086 omnino
1443 3023 1463 3086 d
1486 3031 1616 3104 peccato
1634 3027 1809 3086 abstineat.
1828 3025 1899 3099 Quo

273 3105 318 3166 tio
333 3123 397 3167 non
411 3111 459 3166 est
472 3105 633 3168 sufficiens
652 3105 844 3184 principium
864 3104 959 3182 hujus
976 3105 1063 3166 sani·
1113 3101 1241 3180 quidem
1253 3104 1378 3163 sanatio
1389 3103 1492 3182 primo
1504 3103 1539 3163 lit
1552 3104 1586 3162 in
1599 3105 1749 3180 praesenti
1766 3102 1833 3164 rita
1843 3121 1896 3164 se-

273 3183 360 3256 tatis,
376 3201 449 3261 queo
463 3190 512 3246 est
525 3185 557 3243 in
577 3183 706 3244 homine
720 3200 778 3261 per
798 3183 934 3262 gratiam
947 3183 1063 3261 justiti·
1113 3179 1252 3242 eundhm
1278 3183 1426 3254 mentem,
1449 3182 1592 3260 appetitu
1613 3181 1738 3243 carnali
1763 3180 1898 3242 nondum

274 3267 418 3334 eantem3
434 3262 489 3324 sed
501 3261 596 3340 hujus
607 3261 797 3340 principium
809 3261 981 3339 estgratia,
991 3280 1063 3338 quie
1112 3260 1253 3320 totaliter
1261 3265 1420 3337 reparato.
1430 3260 1517 3320 Unde
1532 3260 1716 3337 Apostolus,
1726 3258 1767 3320 ad
1776 3261 1897 3332 Rom'l,

273 3338 398 3400 tollitur
419 3357 477 3418 per
504 3345 679 3416 peecatum.
706 3338 745 3397 Et
772 3336 843 3400 ided
871 3357 936 3400 non
961 3345 1063 3416 potest
1112 3337 1162 3406 95,
1181 3338 1214 3397 in
1238 3337 1375 3416 persona
1399 3335 1535 3408 hominis
1557 3337 1697 3415 reparati
1719 3337 1897 3415 dioitzEpo

273 3415 370 3478 horno
384 3436 441 3495 per
459 3437 494 3480 se
505 3418 610 3494 ipsum
625 3416 786 3493 reparari3
807 3413 860 3476 sed
885 3417 1003 3495 indiget
1028 3423 1063 3478 ut
1111 3415 1179 3492 ipsc
1197 3424 1296 3475 mente
1315 3417 1416 3477 servio
1442 3415 1589 3495 lepidst,
1609 3433 1700 3475 corne
1721 3425 1826 3476 autem
1844 3415 1900 3492 tegi

273 3495 378 3556 denuo
400 3497 429 3557 ei
452 3498 561 3557 lumen
581 3495 691 3573 gratiae
708 3493 909 3566 infundatur,
932 3497 1014 3555 sicut
1034 3497 1060 3556 si
1106 3494 1241 3571 peceati.
1257 3495 1367 3570 lnquo
1378 3493 1507 3572 quidem
1518 3499 1603 3556 statu
1613 3498 1718 3571 potest
1727 3493 1899 3556 homoabs·

274 3575 401 3650 corpori
415 3580 540 3636 mortuo
552 3571 773 3635 resuscitando
788 3571 893 3634 denud
909 3572 1062 3634 intende·
1111 3571 1213 3633 tinere
1231 3574 1271 3632 ab
1288 3573 1374 3632 omni
1396 3581 1525 3649 peccato
1542 3571 1687 3644 mortali,
1701 3573 1791 3650 quod
1808 3574 1840 3632 in
1853 3588 1899 3632 ra·

273 3657 363 3712 retur
375 3653 493 3715 anima.
1112 3649 1199 3709 tione
1211 3651 1366 3716 consistit.
1381 3659 1527 3728 utsupra
1542 3649 1686 3726 habiturn
1697 3654 1764 3722 est,
1776 3667 1833 3727 qu.
1845 3648 1897 3720 tt,

314 3729 360 3790 nd
377 3732 505 3794 tertium
522 3727 688 3792 dicendum
703 3727 788 3806 qudd
803 3728 932 3805 quando
945 3735 1060 3791 natura
1112 3734 1174 3788 nrt.
1187 3727 1217 3800 5,
1235 3746 1300 3788 non
1321 3735 1426 3789 autem
1442 3731 1544 3806 potest
1557 3728 1652 3790 homo
1675 3729 1841 3789 abstinere
1861 3729 1898 3788 ab

274 3813 323 3869 est
339 3809 475 3890 integra,
488 3827 546 3887 per
564 3826 598 3870 se
619 3807 722 3885 ipsam
736 3810 840 3884 potest
859 3807 1001 3884 reparari
1021 3809 1060 3870 ad
1112 3807 1197 3865 omni
1221 3814 1351 3884 peceato
1376 3806 1493 3868 veniali
1510 3810 1640 3883 propter
1661 3807 1898 3884 corruptionem

274 3887 306 3946 id
318 3887 404 3969 quod
424 3893 472 3950 est
487 3887 547 3948 sibi
572 3885 766 3947 conveniens
784 3889 815 3946 et
832 3886 1061 3962 proportiona-
1096 3883 1272 3944 'inlerion's
1290 3883 1448 3964 appetitus
1468 3883 1707 3956 sensualitatis3
1724 3885 1819 3964 cujus
1834 3901 1899 3944 mo-
1992 3919 1993 3954 ι

240 4015 242 4018 .
273 3971 358 4037 tum3
376 3966 431 4027 sed
443 3967 483 4026 ad
494 3966 525 4026 id
540 3965 624 4043 quod
639 3963 965 4040 superexceditsuam
980 3973 1062 4041 prot
1111 3967 1162 4022 tus
1180 3962 1324 4042 singulos
1338 3962 1466 4040 quidem
1487 3963 1569 4023 ratio
1587 3962 1764 4040 reprimere
1785 3967 1895 4040 potest,

274 4043 464 4121 portionem,
478 4043 622 4121 reparari
632 4061 696 4104 non
713 4043 815 4120 potest
827 4040 895 4103 sine
908 4045 1060 4103 exteriori
1111 4043 1143 4099 et
1154 4057 1195 4100 ex
1204 4040 1265 4101 hoc
1279 4041 1398 4102 habent
1410 4041 1566 4102 rationem
1575 4039 1695 4118 peccati
1706 4045 1738 4101 et
1750 4042 1896 4101 volunta-

274 4121 409 4183 auxilio.
433 4121 484 4184 Sic
506 4122 603 4200 igitur
625 4121 767 4181 humana
785 4122 900 4182 natura
920 4119 1062 4182 defluens
1111 4117 1362 4186 rii;nonautem
1376 4136 1499 4190 omnes,
1512 4114 1669 4195 quiaddm
1682 4119 1898 4179 uniresistere

273 4217 333 4276 per
349 4204 454 4260 actum
470 4199 602 4278 peccati,
619 4199 696 4276 quia
713 4215 777 4257 non
794 4202 902 4259 manet
914 4198 1058 4278 integra,
1110 4196 1234 4270 nititur,
1253 4197 1395 4259 fortassis
1410 4197 1492 4259 alius
1505 4195 1658 4275 insurgit3
1670 4200 1702 4257 et
1713 4198 1813 4257 etiam
1828 4196 1897 4272 quia

274 4275 330 4338 sed
344 4277 569 4355 corrumpitur,
583 4281 728 4353 utsupra
741 4274 858 4336 dictum
874 4279 932 4348 est,
945 4281 1056 4356 quaest.
1110 4274 1194 4334 ratio
1212 4293 1276 4336 non
1292 4293 1418 4352 semper
1430 4278 1532 4353 potest
1550 4292 1620 4336 esse
1635 4273 1770 4352 pervigil
1785 4275 1826 4334 ad
1842 4272 1899 4333 hu-

273 4353 325 4426 85,
342 4371 406 4415 non
419 4359 523 4433 potest
539 4372 596 4434 per
612 4371 647 4416 se
668 4355 770 4431 ipsam
790 4355 933 4430 reparari
956 4373 1059 4433 neque
1108 4351 1247 4491 {lesmodi
1263 4357 1366 4415 motus
1382 4351 1539 4424 vitandos,
1554 4358 1590 4413 ut
1602 4352 1833 4430 supradictum
1843 4355 1896 4416 est,

275 4433 425 4495 etiamad
448 4435 567 4495 bonnm
585 4429 645 4494 sibi
660 4433 885 4502 connaturale,
911 4437 942 4493 et
960 4434 1060 4496 multd
1134 4429 1175 4500 le,
1192 4449 1277 4508 sup,
1292 4434 1387 4507 etqn.
1400 4428 1451 4503 tt,
1467 4436 1528 4492 art.
1543 4431 1591 4492 to.

274 4507 380 4572 minds
393 4511 433 4573 ad
451 4513 570 4573 bonum
587 4509 979 4651 sugernaturalejustitiae.
1151 4509 1300 4570 Similiter
1312 4509 1407 4572 etiam
1422 4505 1745 4586 antequdm'hominis
1759 4508 1857 4574 ratio,
1868 4507 1896 4564 in
1992 4489 1993 4570 l

274 4593 453 4652 numeneus
480 4608 547 4652 rur.
566 4623 605 4635 -

313 4747 354 4807 act
370 4749 407 4818 2,
424 4755 451 4808 et
468 4747 486 4806 3
504 4755 608 4814 cont..
629 4763 697 4820 cap.
720 4744 789 4815 160,
803 4751 831 4804 et
852 4745 921 4805 Ver.
941 4763 993 4824 qu.
1007 4745 1057 4820 22,
1112 4743 1259 4805 mortalia
1268 4743 1380 4814 vitare,
1390 4749 1421 4804 et
1434 4739 1745 4818 seeunddmaliquod
1754 4745 1895 4818 tempust

313 4835 375 4886 ert.
389 4823 425 4894 e,
439 4825 479 4886 od
491 4826 529 4897 7,
544 4833 572 4885 et
585 4841 637 4904 qu.
652 4821 708 4894 th,
724 4823 1061 4893 ort.1,ed10et12.ct
1111 4821 1267 4899 quianon
1284 4827 1332 4882 est
1348 4839 1478 4883 neeesse
1489 4819 1574 4897 qubd
1585 4817 1738 4881 continud
1748 4819 1895 4896 peccetin
1992 4843 1993 4854 ι

312 4910 375 4962 ort.
392 4904 445 4975 12,
463 4921 521 4984 per
537 4910 608 4970 tot..
622 4899 771 4962 cthor.
788 4899 838 4972 12,
849 4900 986 4964 etIIebr.
1003 4903 1058 4978 to,
1112 4904 1197 4960 actu.
1213 4899 1270 4960 Sed
1295 4898 1381 4977 qudd
1405 4898 1460 4960 diri
1479 4902 1606 4960 maneat
1626 4899 1748 4974 absque
1770 4903 1895 4976 peccato
1992 4933 1993 4940 ι

284 5027 287 5034 .
313 4981 383 5040 tect.
398 4973 448 5060 1.)
1113 4977 1251 5049 mortali,
1267 4995 1337 5039 esse
1356 4993 1421 5038 non
1440 4981 1556 5055 potest.
1573 4975 1661 5038 Unde
1678 4981 1710 5037 et
1725 4975 1894 5054 Gregorius

315 5058 361 5120 hd
376 5062 523 5122 octavum
536 5055 780 5136 sicproeeditur.
794 5057 1060 5135 1.Videturqubd
1112 5053 1198 5126 dicit,
1223 5073 1320 5133 super
1334 5055 1506 5128 Ezechiel,
1528 5055 1614 5115 bom.
1629 5054 1683 5126 11,
1703 5049 1724 5116 a
1743 5053 1848 5126 med,
1868 5057 1895 5112 et

275 5137 371 5198 homo
386 5135 455 5198 sine
468 5136 572 5216 gratia
586 5135 687 5215 possit
700 5153 766 5197 non
783 5153 926 5213 peccare.
943 5135 976 5198 N
978 5136 1060 5197 ottus
1113 5133 1168 5195 lib.
1180 5133 1354 5206 tdldoral„
1368 5133 1477 5210 eapti,
1491 5129 1636 5209 dprine.‚
1647 5131 1894 5210 qubdpeceotsm

160 5265 164 5272 .
274 5217 357 5278 enim
375 5225 481 5294 peccat
497 5215 533 5274 in
548 5233 580 5275 eo
598 5215 680 5294 quod
701 5213 800 5274 citare
816 5231 881 5275 non
894 5221 1010 5293 potest,
1025 5220 1061 5276 ut
1112 5213 1196 5292 quod
1210 5226 1358 5350 mewa
1375 5211 1585 5290 penitentiam
1604 5227 1670 5270 noa
1692 5209 1828 5276 deletur,
1843 5226 1893 5268 nro

275 5294 473 5374 Augustinus
491 5291 565 5354 dicit
580 5293 611 5352 in
633 5293 688 5353 lib.
706 5292 744 5354 de
761 5292 856 5354 duab.
870 5292 1059 5366 Animabus,
1108 5289 1249 5369 peredere

275 5391 345 5449 cap.
363 5371 400 5432 10
413 5377 444 5432 et
454 5371 502 5442 11,
514 5374 545 5431 et
561 5369 600 5433 de
617 5371 718 5464 libero
732 5373 807 5431 hrb.
821 5370 876 5432 lib.
889 5371 919 5442 3,
930 5387 999 5464 cap.
1010 5371 1058 5432 18.
1113 5369 1191 5460 quia
1207 5369 1289 5461 sicut
1303 5369 1418 5461 rationi
1439 5367 1530 5459 subdi
1544 5367 1637 5458 debet
1652 5365 1786 5426 interior
1800 5382 1893 5454 appe-
1992 5415 1993 5432 ,

275 5451 305 5510 Si
322 5466 398 5530 ergo
411 5447 506 5512 homo
520 5448 659 5510 existens
669 5467 702 5508 ιιι
715 5456 843 5525 peccato
855 5449 981 5510 mortali
995 5465 1060 5511 non
1112 5450 1201 5522 tetus,
1215 5452 1259 5510 tta
1273 5453 1369 5508 ettam
1389 5451 1472 5507 raho
1493 5445 1585 5506 subdi
1605 5444 1697 5504 debet
1716 5446 1802 5515 Deo‚·
1813 5450 1844 5504 et
1865 5459 1892 5499 ιιι
1992 5515 1993 5534 ἶ

276 5530 377 5608 possit
389 5528 491 5590 vitare
501 5532 677 5608 peccatum,
698 5525 820 5588 ridetur
829 5528 913 5606 qudd
928 5543 1061 5606 poocan·
1113 5525 1184 5601 ipso
1205 5525 1398 5588 constituere
1423 5524 1518 5584 linem
1541 5539 1607 5584 sue
1630 5521 1815 5583 voluntatis.
1840 5522 1894 5580 Por

276 5607 317 5666 do
334 5624 399 5668 non
416 5613 535 5685 peccet,
550 5604 635 5684 quod
652 5609 701 5668 est
714 5605 954 5668 inconveniens.
1113 5603 1208 5664 linem
1221 5611 1328 5664 autem
1342 5606 1467 5680 oportet
1482 5601 1567 5678 quod
1588 5600 1774 5680 regulentur
1789 5611 1893 5660 omnes

279 5771 283 5776 .
314 5685 345 5744 h.
367 5687 535 5757 Praeterea,
548 5684 656 5746 adhoc
668 5683 983 5761 corripiturhomout
994 5702 1059 5746 non
1112 5688 1202 5743 aetus
1228 5680 1371 5754 humani,
1397 5681 1481 5742 sieut
1505 5697 1562 5756 per
1585 5679 1719 5740 rationis
1743 5677 1892 5752 judicium

655 4586 738 4648 ircim
756 4586 843 4649 homo
865 4589 932 4650 sine
956 4591 1061 4668 gratio
1112 4585 1176 4664 qual
1204 4591 1251 4648 est
1279 4592 1443 4664 peccatum
1471 4587 1626 4659 mortale,
1649 4591 1822 4663 reparetur
1845 4601 1897 4661 per

307 4669 412 4746 poerit
425 4687 490 4729 non
499 4685 636 4748 peccare.
654 4700 693 4710 -
710 4664 812 4746 (sep,
828 4684 880 4746 qu.
895 4665 944 4739 63,
956 4675 1016 4728 ort.
1027 4667 1058 4739 2,
1112 4666 1247 4744 gratiam
1257 4664 1493 4744 justificantem,
1509 4669 1613 4742 potest
1624 4662 1752 4742 singula
1770 4667 1896 4741 peecata
1992 4685 1993 4710 ι

1322 5289 1409 5351 aliud
1430 5289 1538 5352 trehit.
1559 5289 1599 5348 Et
1617 5288 1713 5366 hujus
1737 5289 1821 5348 ratio
1840 5291 1893 5351 est,
1992 5271 1993 5340 l
