4004 6346
118 369 165 428 m
204 377 205 382 ¹
437 361 569 432 QUAEST.
590 359 693 418 lxxv.
716 359 759 416 nli
778 359 895 418 CAUSiS
914 357 1142 418 PEGCthlliUbi
1162 360 1195 418 lN
1213 361 1394 420 censesti.
1685 363 1737 425 W

120 485 197 547 rieul
215 449 414 542 obscuritatis
444 491 542 540 cnusa
567 477 616 538 est
640 471 784 536 absentia
808 472 896 536 solis.
951 471 1012 533 Sed
1024 472 1193 537 interiores
1205 481 1309 539 motus
1319 477 1458 542 bonduls
1468 482 1547 542 sunt
1558 483 1734 560 peceatum·

121 563 186 624 illo
199 559 290 620 modo
307 573 404 620 causa
420 554 654 626 affirmationis,
672 553 712 616 ad
732 568 830 632 quam
849 569 899 615 se·
949 551 975 612 Ε
1045 569 1109 614 non
1122 556 1198 616 sunt
1212 571 1309 618 causa
1323 557 1457 636 peccati.

120 642 222 734 quitur
234 636 372 717 negatio,
388 639 437 697 est
455 651 513 714 per
527 633 673 696 accidens
685 648 783 694 meisa
801 649 899 713 nepa·
954 645 957 648 ·
1012 633 1202 707 .Prateren,
1239 634 1371 715 uidquid
1389 640 1438 699 est
1458 638 1543 700 intra
1561 637 1735 714 bominem,

119 717 206 780 tionis
218 715 459 792 consequentis3
474 713 557 774 siout
566 709 649 792 iguis
664 709 827 772 causando
846 727 899 774 oa·
930 708 1007 770 'aut
1030 717 1077 772 est
1101 715 1199 776 natur
1231 731 1267 788 e,
1289 719 1346 777 aut
1368 715 1596 780 voluntarium.
1621 718 1680 780 Sed
1703 719 1735 780 id
1862 759 1865 766 -

119 792 445 872 loreinexprincipall
460 791 650 865 intensione,
665 793 899 866 consequenter
949 786 1036 868 quod
1060 793 1111 852 est
1135 793 1369 866 naturale,non
1393 799 1498 873 potest
1520 813 1591 860 esse
1612 798 1741 875 peccati·

118 877 221 936 causat
232 871 444 952 privationem
459 869 638 950 frigiditatis
653 888 661 928 ε
680 885 818 947 quorum
833 866 898 947 pri·
949 881 1064 940 eausa,
1082 869 1160 948 quia
1169 880 1330 951 peceatum
1345 881 1390 934 est
1407 883 1518 936 eontra
1528 883 1683 943 sumtum.
1698 881 1736 944 ut
1751 881 1752 884 ’

117 971 198 1014 muni
210 956 314 1031 potest
332 947 477 1012 sufficere
494 948 535 1011 ad
549 947 726 1027 simplicem
747 947 898 1028 negatio-
948 942 1028 1085 giezit
1038 947 1269 1089 Rguzasccssnugl,
1286 950 1388 1090 libia?d
1390 953 1574 1094 oggitienlliigflt,
1587 969 1658 1094 cufii
1659 954 1735 1097 131?

187 1073 194 1091 s
1089 1067 1139 1097 ⁸9
1214 1071 1222 1088 ι
1278 1049 1287 1100 ἶ
1584 1051 1602 1094 V
1718 1067 1734 1082 ⁸·

117 1049 207 1171 regim
228 1105 299 1170 edm
323 1105 517 1168 inordinatio
545 1103 665 1185 peccati
688 1107 718 1165 et
732 1103 898 1182 quodlibet
948 1065 1094 1178 idumei
1117 1105 1159 1166 sit
1174 1045 1404 1182 igordingtum,
1416 1110 1483 1189 jain
1496 1113 1544 1172 est
1555 1049 1732 1190 pesseatiim.

115 1188 227 1249 mulum
241 1203 307 1248 non
324 1187 365 1248 sit
382 1184 516 1264 simplex
534 1183 673 1263 negatio,
692 1183 745 1244 sed
759 1183 896 1321 erivado
947 1177 1018 1243 Nou
1047 1197 1124 1264 ergo
1150 1185 1272 1263 aliquid
1299 1185 1507 1250 intrinsecum
1535 1193 1641 1268 potest
1662 1208 1733 1254 osse

115 1265 178 1346 ejus
193 1265 278 1344 quod
293 1263 415 1342 aliquid
429 1267 540 1325 natum
552 1265 601 1324 est
613 1261 746 1322 eldebet
781 1263 894 1338 abere,
945 1273 1046 1322 causa
1054 1262 1150 1339 primi
1160 1265 1292 1341 peceati.

114 1361 236 1406 necesse
250 1346 298 1406 est
310 1341 395 1421 qudd
408 1341 480 1404 talis
492 1340 684 1402 inordinatio
698 1339 897 1403 babeatcau·
986 1337 1045 1399 Sed
1054 1343 1315 1422 contraestquod
1325 1344 1523 1424 Augustinus
1534 1344 1682 1421 dicit‚lib.
1693 1345 1733 1410 de

114 1439 176 1561 ’δι’
192 1420 573 1562 ppt‘tliettllll·
586 1418 895 1560 Qildilibdllll
945 1413 1231 1560 illelillitffl
1258 1421 1462 1564 ebibi
1476 1424 1532 1566 ¹¹02·
1549 1426 1565 1486 ¹
1580 1427 1733 1568 limile

112 1517 235 1658 {inpetu
254 1519 398 1641 ecalensem
423 1515 826 1655 all’quamqlimpedientem.
856 1577 895 1637 Et
945 1513 1147 1636 aofuotbsest
1161 1595 1254 1639 eausa
1263 1545 1397 1658 perculi.
1460 1545 1481 1578 Ἰ
1533 1521 1564 1584 Ρ.
1623 1522 1666 1585 ’q

113 1657 279 1736 secunddm
302 1655 363 1718 boe
385 1657 551 1719 censuerit
571 1654 632 1715 dici
647 1653 731 1732 qudd
752 1655 892 1728 malum,
985 1652 1172 1731 Respondeo
1192 1656 1360 1720 dicendum
1383 1657 1480 1739 qubd,
1499 1659 1585 1724 slent
1599 1661 1667 1742 jam
1684 1661 1733 1724 di·

111 1735 190 1814 quod
212 1737 245 1797 iu
259 1733 399 1815 quddam
420 1733 601 1814 privatione
617 1732 772 1806 consistit,
797 1732 895 1795 liabet
945 1733 1030 1792 etum
1046 1736 1106 1806 est,
1129 1738 1189 1796 art.
1208 1752 1316 1814 prun,
1330 1755 1388 1815 per
1406 1756 1442 1799 se
1462 1755 1593 1802 eausam
1609 1741 1732 1820 peceati

111 1831 233 1876 eausam
244 1813 442 1876 deiicientem
452 1812 501 1875 vel
511 1815 657 1892 agentem
666 1828 724 1891 per
733 1811 891 1874 accidens.
945 1813 1070 1886 oportet
1083 1813 1227 1892 accipere
1239 1831 1279 1876 ex
1294 1822 1384 1894 parte
1398 1815 1500 1908 ipsius
1515 1817 1616 1881 aetils.
1633 1818 1731 1882 Aeliis

110 1890 213 1954 Omnis
223 1897 332 1955 autem
342 1908 440 1954 causa
452 1909 510 1969 per
519 1890 664 1953 accidens
680 1889 844 1952 reducitur
853 1891 892 1953 ad
944 1892 1051 1948 autem
1076 1889 1206 1953 liumaiii
1228 1897 1334 1971 potest
1351 1896 1451 1974 accipi
1469 1913 1570 1959 causa
1584 1897 1730 1973 interior,

110 1987 231 2034 eausam
240 1989 300 2049 per
313 1989 358 2032 sc.
372 1967 450 2032 Cdm
464 1969 562 2050 igitur
571 1973 736 2048 peccatum
751 1986 793 2030 es
802 1975 893 2048 parte
945 1969 976 2026 et
990 1967 1138 2041 mediata,
1150 1975 1181 2029 et
1194 1970 1387 2034 immediata.
1404 1974 1588 2038 immediata
1600 1974 1730 2055 quidem

110 2048 349 2112 inordinationis
374 2049 491 2112 habeat
518 2063 649 2110 cansam
668 2051 815 2127 agentem
834 2067 901 2128 per.
944 2059 1042 2110 causa
1058 2046 1189 2110 humani
1204 2047 1294 2112 aotds
1308 2055 1357 2112 est
1368 2053 1492 2115 ratioet
1503 2054 1663 2128 voluntas,
1677 2073 1730 2118 se-

109 2128 257 2203 aneidens,
269 2125 625 2207 exparleautemacttls
638 2126 892 2190 babeateausam
943 2121 1082 2185 cundiiin
1093 2143 1190 2204 quam
1206 2127 1303 2190 homo
1313 2133 1361 2190 est
1370 2131 1452 2192 liber
1463 2131 1614 2208 arbitriop
1630 2149 1729 2199 causa

108 2210 245 2286 agentem
263 2225 326 2286 per
345 2223 391 2280 se,
416 2205 561 2282 sequitur
583 2204 669 2283 qudd
696 2205 891 2268 inordinatio
943 2207 1049 2263 autern
1064 2208 1186 2267 rcin'ota
1201 2210 1249 2268 est
1261 2209 1475 2286 apprehensio
1485 2212 1646 2274 sensilivie
1655 2227 1729 2292 par·

108 2287 218 2376 peceati
232 2288 455 2364 consequatur
469 2302 511 2346 ex
529 2283 597 2362 ipsa
614 2282 713 2346 causd
725 2283 827 2346 actile.
841 2283 892 2348 Sic
943 2278 983 2340 tis
996 2285 1048 2372 ,et
1061 2283 1157 2344 etiam
1171 2285 1328 2377 appetitus
1343 2287 1527 2350 sensitiius.
1543 2289 1630 2352 stent
1644 2291 1729 2352 enirn

106 2362 489 2522 litlttlpitptlllff
502 2363 816 2520 lletlt’ltltillt
831 2380 892 2504 lt:
942 2358 1652 2516 itdlltliitelpdlil‘?leitil*ll
1665 2371 1729 2509 3¹⁵·

107 2535 175 2580 nuni
190 2487 427 2594 e’ominutabile,
440 2525 551 2582 causat
566 2523 672 2582 actum
681 2521 808 2598 quidem
818 2537 891 2600 pec·
942 2515 1155 2590 prehensione
1178 2518 1293 2582 sensils
1315 2523 1474 2600 appetitus
1497 2524 1670 2587 sensitiius
1693 2545 1727 2590 in

107 2599 162 2662 cati
177 2618 232 2678 per
244 2617 293 2672 se,
308 2599 362 2661 sed
377 2599 646 2661 inordinationem
658 2598 748 2662 aotds
763 2617 821 2690 per
838 2616 891 2662 ac·
942 2593 1063 2686 §liquid
1088 2595 1283 2672 inclinatur}
1307 2617 1383 2680 ¹11¹oe
1402 2601 1530 2679 quidem
1561 2603 1727 2666 inclinatio
1748 2655 1751 2660 .

106 2675 216 2752 cidens,
232 2683 264 2741 ot
277 2679 630 2758 preterintentionem3
646 2681 793 2756 provenit
804 2679 890 2740 enim
941 2671 1099 2762 interdurn
1114 2675 1212 2738 traliit
1224 2679 1419 2741 voluntatem
1429 2681 1726 2757 etratioueiii,sicut
1746 2739 1751 2748 .

106 2754 237 2824 delectus
249 2756 373 2820 ordinis
388 2756 422 2818 iu
434 2761 512 2818 actu
524 2755 695 2818 endeleelu
706 2756 888 2820 directionis
941 2749 1025 2844 infre
1040 2754 1171 2846 patebit,
1189 2761 1301 2834 quaest.
1314 2757 1366 2832 ⁷7,
1377 2763 1439 2820 art.
1454 2760 1482 2819 1.

107 2833 136 2894 in
148 2837 324 2898 voluntate.
979 2828 1031 2891 Sic
1042 2834 1138 2910 igitur
1148 2830 1267 2912 duplex
1281 2851 1380 2900 musa
1391 2838 1512 2916 peceati
1526 2838 1725 2920 interiorpo-

140 2913 184 2974 ld
198 2915 338 2993 primurn
353 2931 429 2993 ergo
444 2912 612 2976 dicendum
628 2913 713 2993 qubd
723 2919 889 2992 peccatum
941 2909 1002 2968 test
1016 2911 1174 2992 assignari
1185 2932 1192 2971 :
1204 2929 1270 2978 una
1282 2915 1429 2994 proxima
1439 2935 1479 2978 ei
1492 2923 1582 2996 parte
1589 2919 1724 2984 rationis

106 3007 163 3052 non
173 2993 278 3056 solinn
294 2993 320 3054 si
345 2991 559 3070 nificatipsani
574 2991 786 3070 privationem
799 2994 887 3069 boni,
941 2988 974 3080 tt}
986 2988 1177 3082 rolunipiist
1193 2991 1256 3054 alia
1270 2994 1477 3076 vereremotu
1490 3001 1633 3076 exparte
1645 2997 1725 3062 ima·

105 3077 226 3144 quaeest
240 3011 455 3141 inorfflnatio,
471 3071 526 3132 sed
540 3069 696 3151 significat
710 3073 889 3136 actumsub
940 3069 1112 3147 clephonis
1127 3070 1178 3130 vel
1191 3071 1350 3151 appetitis
1363 3074 1518 3136 sensitiii.

106 3148 155 3209 tali
197 3149 375 3222 dratinus,
397 3165 469 3228 quae
493 3148 591 3212 babet
610 3149 768 3212 rationem
790 3151 887 3227 mali;
979 3143 1040 3207 Sed
1051 3146 1128 3224 quia
1143 3165 1240 3226 supra
1250 3149 1367 3212 dictum
1377 3155 1435 3226 est,
1447 3158 1505 3214 art.
1521 3155 1679 3234 praec.‚ad
1691 3156 1723 3233 3,

105 3167 195 3301 quoi
197 3229 328 3306 quidem
338 3227 476 3306 qualiter
489 3227 606 3292 habeat
615 3243 757 3304 causam,
770 3227 888 3292 dictum
940 3222 1026 3302 qubd
1046 3240 1147 3317 causa
1166 3229 1287 3306 peccati
1309 3234 1358 3291 est
1377 3232 1506 3310 aliquod
1523 3235 1641 3298 bonum
1658 3253 1725 3316 ap-

106 3307 147 3364 est
159 3305 190 3364 in
205 3323 296 3386 corp,
312 3311 372 3368 ari.
803 3321 806 3328 ·
939 3317 1056 3380 parens
1071 3307 1225 3366 motivum
1243 3325 1316 3369 cum
1337 3308 1458 3372 delectu
1481 3312 1577 3373 debiti
1600 3315 1739 3385 metiri„

141 3384 184 3443 dd
197 3384 374 3448 secundum
389 3383 558 3446 dicendum
575 3383 661 3463 qnbd
673 3385 699 3447 si
711 3383 887 3449 illadelini·
939 3381 1060 3442 pellicei
1092 3384 1212 3475 regul&
1242 3387 1376 3448 rationis
1406 3390 1458 3450 Vel
1487 3389 1565 3470 legit
1594 3392 1732 3466 divinae,-

105 3459 145 3520 tio
172 3479 279 3526 causae
313 3463 539 3533 universaliter
564 3461 678 3526 debeat
707 3464 884 3540 verificari,
938 3456 1043 3536 iprum
1065 3466 1221 3523 molitum
1239 3465 1325 3542 quod
1344 3470 1392 3528 est
1409 3482 1567 3546 apparens
1589 3471 1722 3547 bonum,

105 3545 220 3616 oportet
237 3547 276 3602 ut
293 3542 488 3622 intelligatur
500 3539 539 3603 de
553 3540 652 3604 causd
667 3541 837 3604 sufficienti
856 3545 888 3605 et
938 3538 1076 3614 pertinet
1088 3539 1128 3600 ad
1142 3543 1429 3620 apprehensionem
1448 3547 1561 3608 sensiis
1575 3552 1606 3608 et
1618 3565 1724 3628 eppe-

105 3633 164 3678 non
187 3618 352 3698 impedita.
377 3619 540 3699 Contingit
560 3621 644 3681 enim
670 3619 792 3698 aliquid
816 3639 887 3684 esse
938 3615 1051 3708 titum,
1074 3618 1144 3696 ipsa
1170 3625 1277 3681 aulem
1301 3623 1446 3686 absentia
1469 3624 1582 3689 debito
1603 3629 1726 3718 regule

105 3711 227 3761 eausam
241 3698 454 3760 sufficientem
468 3699 620 3772 alterius3
643 3705 798 3761 ettamen
819 3716 886 3761 nou
936 3699 1075 3772 pertinet
1095 3696 1133 3756 pti
1158 3699 1326 3772 rationem,
1342 3717 1414 3778 quie
1433 3707 1509 3766 nata
1532 3707 1580 3766 est
1601 3705 1723 3784 hujus-

106 3791 140 3832 ei
160 3777 348 3838 necessitato
370 3776 517 3853 sequitur
533 3774 662 3840 edoctus
678 3781 810 3855 propter
823 3779 887 3840 ali·
937 3771 1021 3832 modi
1036 3775 1180 3866 reptilem
1194 3777 1411 3852 considerare3
1426 3781 1481 3872 sed
1493 3781 1722 3860 ipsaperlectin

106 3854 183 3928 quod
199 3853 461 3934 impedimentum
476 3854 723 3932 superveniens;
739 3856 885 3934 alioquin
937 3849 1110 3940 voluptarii
1124 3852 1214 3915 ectus
1230 3857 1348 3933 pcccati
1363 3863 1500 3934 pertinet
1513 3859 1553 3922 ad
1565 3861 1698 3924 volunta
1714 3899 1722 3913 ι

105 3938 288 4010 sequeretur
306 3933 391 4013 qudd
406 3936 515 3994 omnia
534 3948 576 3992 ex
596 3931 784 3994 necessitate
804 3951 886 3995 coii-
935 3928 1010 3999 iem,
1022 3930 1161 4020 ¹1³,un
1173 3931 1242 4010 ipse
1256 3933 1428 3997 voluntatis
1443 3940 1532 3998 actus
1547 3940 1732 4017 praemissis.

105 4007 269 4089 tingerent,
283 4017 319 4070 ut
337 4013 425 4090 patet
439 4012 471 4071 in
486 4011 506 4070 6
519 4009 673 4086 Meropo,
686 4013 765 4072 text.
778 4011 808 4071 5.
832 4011 884 4074 Sic
935 4011 1109 4084 suppositis
1117 4007 1185 4087 jam
1199 4015 1248 4072 est
1260 4013 1420 4089 quoddam
1432 4019 1608 4092 peecatum.
1679 4033 1682 4041 ’

106 4085 205 4166 igitur,
217 4090 278 4150 etsi
292 4093 456 4168 peccalum
471 4089 740 4164 babeatcuusam,
757 4107 821 4150 non
837 4095 885 4153 ta·
948 4097 951 4103 '
975 4083 1021 4143 Ad
1042 4085 1179 4162 primum
1199 4105 1275 4169 ergo
1293 4089 1460 4153 dicendum
1479 4094 1566 4172 qubd
1584 4095 1617 4157 id
1632 4098 1721 4177 quod

106 4167 491 4245 mensequiturqubdsil
509 4167 792 4248 necessariaque
810 4167 884 4231 elle·
935 4164 984 4222 est
1010 4161 1219 4227 intrinsecum
1253 4167 1336 4232 sient
1369 4173 1510 4248 potentia
1539 4175 1720 4252 naturalis,

106 4247 169 4306 clus
184 4251 289 4324 potest
300 4244 458 4325 impediri.
935 4255 1062 4332 sempor
1073 4242 1171 4336 inerit
1186 4243 1338 4338 idnautem
1353 4248 1441 4327 quod
1452 4251 1722 4318 estintrinsecuns

141 4323 185 4382 Ad
210 4325 340 4385 tertium
362 4322 530 4386 dicendum
551 4321 653 4403 qudd,
669 4321 750 4388 sicut
765 4323 883 4386 dictum
935 4323 1018 4410 strui
1029 4324 1268 4414 aptuslintenor
1283 4327 1465 4404 appetitiva
1479 4330 1528 4393 iel
1541 4333 1721 4412 apprehen·

106 4402 201 4462 estin
224 4419 313 4482 corp.
337 4407 411 4476 art,
427 4403 576 4464 voluntas
597 4401 666 4463 sine
688 4401 884 4465 adhibitione
935 4402 1167 4474 sisnvirtutis,
1183 4419 1248 4463 ¹¹⁰¹!
1263 4405 1496 4483 semperipett·
1517 4409 1590 4488 lpse
1611 4415 1720 4474 aulem

106 4482 218 4558 regule
242 4481 377 4542 rationis
401 4481 452 4543 vel
471 4481 551 4560 legis
580 4479 695 4542 divinae
717 4485 766 4541 est
784 4497 884 4545 causa
934 4476 1076 4566 potentia
1091 4478 1264 4543 voluntatis
1281 4488 1330 4544 est
1345 4499 1444 4546 causa
1463 4487 1582 4564 peccati
1604 4488 1638 4549 iii
1654 4505 1721 4567 po-

107 4559 231 4632 peceati.
255 4559 323 4620 lloc
344 4563 451 4622 antem
490 4558 555 4619 uod
575 4562 622 4618 est
644 4576 709 4618 non
732 4558 883 4621 adhibere
935 4553 1044 4627 leniti,
1057 4555 1110 4616 sed
1125 4557 1287 4620 reducitur
1297 4558 1332 4621 iii
1343 4565 1629 4640 aolumpermotue
1637 4583 1741 4658 pres--

105 4637 242 4714 regularis
258 4637 393 4700 rationis
407 4637 457 4698 iel
469 4575 552 4717 fegis
567 4636 692 4710 divinas,
709 4635 883 4699 secundiim
935 4629 1080 4692 cedentes
1092 4635 1124 4693 el
1136 4633 1295 4698 sensitiva
1309 4641 1408 4730 partis
1419 4639 1727 4717 primdetrationis,

105 4728 136 4772 se
150 4732 212 4776 non
234 4715 331 4777 babet
351 4716 507 4777 rationem
520 4713 608 4790 mali,
625 4730 683 4775 nee
696 4731 807 4792 poenae,
824 4731 884 4778 nee
934 4715 1179 4800 consequenter.
1194 4711 1408 4778 Exbooeuim
1419 4719 1503 4795 qubd
1515 4720 1720 4802 aliquidpro-

106 4791 211 4870 culpe,
227 4790 400 4871 antequam
415 4793 594 4873 applicetur
608 4792 646 4855 ad
662 4797 778 4853 actum.
794 4792 883 4856 Unde
933 4791 1066 4880 pontipr
1085 4793 1122 4849 ut
1146 4791 1317 4884 appetibile
1338 4793 1512 4886 secundum
1533 4815 1666 4876 sensus,
1687 4809 1725 4868 et

110 4867 275 4932 sernnddni
291 4869 351 4933 lroo
374 4872 493 4950 peccati
518 4871 613 4949 primi
638 4887 703 4932 non
720 4873 768 4930 est
784 4887 883 4936 causa
934 4867 1094 4960 ,appetitus
1109 4872 1280 4932 sensitiius
1295 4871 1513 4936 inclinaturin
1527 4877 1617 4952 illud,
1635 4881 1721 4943 ratio

103 4951 230 5020 malum,
245 4950 299 5011 sed
315 4951 433 5011 bonum
446 4949 575 5030 aliquod
587 4965 660 5012 cum
670 4947 883 5012 absentiente.
934 4941 1092 5004 interdurn
1106 4951 1208 5007 cessat
1221 4945 1242 5009 d
1256 4948 1509 5015 consideratione
1521 4958 1642 5037 regule
1656 4959 1720 5022 de·-
1762 4968 1764 4972 ’

103 5025 187 5104 eujus
201 5026 333 5089 alterius
351 5028 436 5090 boni.
934 5019 1023 5095 biipt
1040 5024 1072 5083 θῑ
1084 5021 1130 5082 8ὶο
1143 5024 1292 5089 voluntas
1306 5029 1453 5106 producit
1465 5037 1573 5094 actum
1584 5039 1717 5114 peceati.

104 5145 277 5211 laricanus
300 5166 335 5212 it·
362 5181 401 5196 ·-·
435 5149 549 5214 [lirim
570 5161 746 5310 sertatum
773 5151 881 5216 'witti‘
933 5096 1720 5270 gili?i¹ii⁸¹{ffiiuznggssigpfflteffissgnossegegffi

141 5243 260 5290 consoni
271 5227 570 5309 interiorem-(Io
587 5272 608 5297 .‚
621 5238 683 5289 ort.
696 5227 727 5304 3,
739 5231 841 5313 corp.)
934 5255 1019 5315 aequ,
1739 5305 1742 5318 .

140 5323 185 5383 ild
206 5328 379 5388 seeundum
406 5328 452 5390 eie
475 5329 669 5407 proceditur.
694 5330 723 5390 ι.
748 5331 882 5396 Videtur·
935 5361 943 5368 -
973 5329 1021 5392 Ad
1035 5333 1209 5398 secundum
1232 5336 1400 5403 dicendum
1420 5344 1506 5422 qudd
1524 5363 1590 5410 non
1606 5329 1721 5412 omues

103 5399 182 5473 qubd
223 5409 363 5467 occatum
383 5421 448 5466 non
467 5405 583 5468 lrabeat
596 5423 728 5471 eausam
743 5408 882 5472 interio-
934 5412 1040 5472 motus
1051 5409 1219 5478 interiores
1235 5421 1310 5479 sunt
1328 5418 1366 5481 de
1384 5423 1564 5488 substantii
1584 5427 1717 5504 peccate

103 5491 176 5538 reni.
198 5421 329 5544 filoniin
349 5483 434 5562 qnod
451 5489 498 5546 est
518 5484 651 5546 interius
665 5485 803 5567 alicujus
819 5489 879 5564 rei,
934 5487 1021 5625 guod
1035 5489 1181 5552 mesistit
1195 5493 1414 5574 principaliter
1429 5499 1462 5562 in
1476 5504 1551 5564 actu
1566 5505 1719 5567 voluuta-

103 5569 223 5634 semper
242 5561 332 5623 adest
349 5563 390 5622 ei.
409 5561 440 5622 Si
458 5563 557 5642 igitur
578 5567 742 5642 peceatum
764 5564 881 5630 babeat
960 5581 987 5638 θ’
1001 5564 1056 5627 Μ
1070 5567 1200 5645 quidum
1214 5573 1407 5650 Pffloedllssti
1421 5579 1594 5658 el‘iflfflffl
1606 5599 1720 5646 ΜΨ

103 5646 228 5697 rausum
244 5638 441 5712 interiorem,
457 5657 583 5720 semper
601 5641 699 5702 homo
721 5649 879 5721 peceant,
933 5646 1079 5720 ‘lullum'
1091 5645 1382 5742 ipimpmffi·
1599 5681 1601 5684 ’
1712 5719 1717 5732 1

104 5707 279 5791 simpositd
289 5717 681 5797 eausdponaturelieetus.
973 5718 1022 5781 Ad
1039 5724 1168 5788 irritum
1184 5726 1353 5796 dicendum
1370 5731 1455 5810 qubd
1475 5733 1552 5798 ffllld
1568 5737 1655 5816 quod
1669 5745 1719 5805 ⁰⁸²

65 5834 87 5870 ,.
105 5853 110 5860 ,
139 5787 171 5850 2.
189 5793 448 5867 vicecomitem
460 5813 526 5858 non
537 5801 586 5860 est
596 5812 694 5860 causa
704 5797 755 5862 sul
765 5799 877 5879 ipsius.
934 5812 1032 5862 eausa
1041 5804 1162 5878 peccati
1171 5805 1254 5870 sicut
1261 5810 1403 5887 potentia
1410 5813 1588 5892 producens
1597 5821 1719 5897 adum,

228 5895 361 5958 Sanun.
379 5897 417 5986 ll.
929 6009 930 6012 Ἴ
1334 5913 1541 5998 (Die-neus.)
