4008 6340
55 310 163 389 ‚aas
730 297 864 368 ειιιεει,
886 297 981 354 xxix.
1000 297 1043 354 ue
1062 298 1151 356 outo.
1304 361 1307 366 ,
1701 303 1753 360 sm
1827 284 1852 352 ’.

151 423 198 486 ad
215 421 343 492 tertium
358 417 525 482 dicendun·
548 413 634 495 quiid
659 415 692 476 in
716 412 907 476 executione
961 417 1045 488 tate,
1061 416 1178 494 qulbus
1198 434 1257 494 pro
1280 417 1484 480 ortionantur
1502 417 1650 510 oppoqita
1668 415 1742 483 odia

102 505 202 586 prius
218 506 267 566 εει
282 499 431 562 recedere
445 499 486 559 ab
502 513 569 560 uno
581 495 717 558 termino
733 491 832 572 quim
847 511 908 555 ac-
962 492 1049 556 Unde
1065 494 1230 574 odiumqu
1288 495 1517 576 correspondet
1534 496 1755 576 majoriamor
1852 573 1859 584 ἱ

103 583 225 646 cedere
247 579 287 642 ad
310 579 448 641 altorum
462 575 655 646 terminum3
677 571 781 635 sedin
799 573 899 634 inten·
961 573 1001 646 rl,
1017 574 1118 652 magis
1133 580 1240 636 moret
1254 573 1352 653 quam
1367 577 1473 636 minor
1484 590 1586 638 amor.

102 664 200 724 tione
213 659 291 722 este
310 673 483 732 eonvers03
497 653 702 736 propterlroc
715 651 800 714 euim
815 669 909 714 rece-
1000 652 1040 714 Et
1062 671 1120 730 per
1141 653 1203 714 hoe
1225 658 1312 732 patet
1333 655 1501 733 responsio
1525 655 1565 718 ad
1585 655 1724 734 primum
1745 673 1753 714 r

103 743 198 804 ditur
210 741 251 802 ab
268 754 335 800 uno
352 735 510 807 termino,
523 742 557 796 ut
573 732 745 794 anecdotor
767 729 805 791 ad
829 731 908 794 alte-
962 748 1038 792 nam
1053 747 1144 792 amor
1164 733 1340 809 voluptatis
1365 736 1414 795 est
1433 733 1540 796 minor
1552 730 1651 812 quim
1665 750 1757 798 amor

105 839 196 884 rum.
212 817 434 882 Motusautem
448 812 641 893 appetitivum
654 810 756 890 magis
768 809 907 888 pertinet
959 808 1214 874 conservationis
1229 809 1280 872 sut
1296 810 1411 890 ipsius,
1426 811 1478 874 cui
1493 829 1546 874 res
1590 813 1665 874 ndei
1678 813 1754 910 luga

105 901 151 965 ad
177 897 388 961 intentionem
412 893 511 974 quam
535 891 576 955 ad
607 889 851 964 executionem3
876 891 908 950 et
960 887 1100 963 doloris;
1124 891 1156 950 et
1179 889 1250 952 idol>
1271 889 1374 970 magis
1398 889 1521 972 lingitur
1587 892 1638 954 lor
1656 907 1755 972 quam

107 979 184 1044 ideo
198 994 290 1040 amor
311 981 360 1038 est
371 973 461 1054 prior
481 971 570 1046 odio,
585 967 658 1032 crim
673 972 848 1046 utrumque
866 967 908 1029 sit
960 971 1087 1030 ametur
1101 968 1177 1030 volu
1200 971 1261 1030 tas.

105 1065 218 1121 motus
234 1055 440 1136 appetitivus.
999 1045 1046 1108 ad
1065 1064 1163 1108 secun
1187 1065 1241 1108 um
1255 1047 1423 1110 dicendum
1438 1047 1525 1128 qudd
1543 1049 1652 1112 odium
1667 1066 1757 1112 nun-

113 1142 294 1200 tnrrcurms
316 1150 364 1196 ιιι.
392 1163 430 1176 -
454 1125 566 1194 Utrcim
593 1127 698 1190 odium
726 1125 769 1187 sit
791 1123 907 1207 sortito
960 1122 1059 1204 quam
1074 1126 1214 1187 vinceret
1224 1143 1366 1190 amorem
1381 1127 1442 1190 nisi
1456 1144 1515 1206 pro
1538 1133 1587 1190 ter
1600 1127 1756 1208 majorem

405 1209 606 1292 perimamur.
750 1269 757 1286 ,
960 1220 1120 1278 amorem,
1136 1205 1188 1268 cui
1202 1204 1310 1267 odium
1331 1145 1577 1286 corresponcict3
1593 1207 1639 1270 sie
1657 1209 1756 1270 homo

154 1295 201 1358 ad
216 1294 345 1356 tertium
362 1291 408 1353 sic
423 1289 616 1368 proceditur.
631 1287 661 1348 1.
676 1285 810 1347 Videtur
822 1283 908 1363 qudd
960 1283 1062 1364 magis
1077 1283 1331 1378 diliqitsequdm
1343 1287 1494 1359 amicum,
1506 1292 1538 1347 et
1550 1289 1681 1366 propter
1694 1287 1757 1350 hoe

110 1377 224 1438 odium
249 1373 289 1434 sit
313 1371 426 1432 lortius
447 1385 568 1430 amore.
583 1367 667 1428 Dicit
687 1365 772 1426 enirn
795 1365 909 1444 Augu-
961 1363 1047 1442 qudd
1061 1363 1164 1443 diligit
1176 1382 1222 1436 se,
1237 1365 1334 1427 habet
1350 1363 1424 1426 odio
1438 1366 1535 1428 etiam
1550 1367 1710 1440 amicum,
1726 1366 1755 1428 si

111 1455 219 1518 stinus
241 1453 273 1513 in
296 1451 352 1512 lib.
371 1449 411 1510 83
430 1448 508 1524 QQ.‚
536 1450 648 1526 quaest.
677 1445 732 1518 36,
761 1443 860 1523 paulo
888 1442 909 1506 ai
961 1441 1022 1504 sibi
1038 1443 1262 1506 contrarietur.

111 1537 218 1615 princ.
236 1551 244 1591 ι
261 1531 356 1594 Nemo
372 1537 416 1590 est
434 1528 488 1608 qui
501 1545 566 1588 oon
584 1523 683 1606 inopis
696 1523 834 1586 dolorem
852 1523 910 1604 su·-
1001 1522 1049 1583 Ad
1063 1521 1192 1584 tertium
1207 1522 1376 1586 dicendum
1396 1521 1483 1602 quod
1501 1523 1574 1586 ideo
1595 1521 1754 1588 intensius

137 1615 182 1676 iot
196 1609 286 1692 quim
300 1615 427 1702 oppetat
442 1605 642 1686 voluptutem.
656 1603 714 1666 Sed
729 1603 839 1682 lugere
853 1602 909 1662 do·
962 1601 1082 1681 aliquid
1096 1605 1249 1681 operatur
1261 1601 1299 1664 ad
1310 1602 1529 1743 repellendum
1542 1603 1666 1682 odiosa,
1677 1604 1756 1684 qnia

113 1634 217 1754 iorem
240 1691 378 1774 pertinet
400 1685 440 1748 ad
463 1685 590 1757 odium3
618 1684 776 1762 appetitus
801 1683 908 1744 autem
962 1681 1070 1742 odium
1085 1687 1134 1742 est
1143 1681 1244 1762 magis
1262 1681 1348 1743 sensi
1373 1681 1424 1743 ile.

113 1770 288 1850 voluptatis
311 1765 451 1846 pertinet
472 1763 512 1826 ad
532 1779 685 1826 amorem.
701 1762 787 1842 Ergo
801 1759 909 1822 odium
1072 1764 1076 1772 ’

113 1855 165 1912 esi
180 1849 293 1910 10111115
309 1861 429 1908 imme·
1002 1879 1075 1943 odio
1088 1881 1273 1962 seipsum—
1293 1881 1362 1956 M,
1376 1893 1482 1963 quest.
1494 1884 1545 1958 21,
1558 1892 1620 1946 ort.
1636 1886 1667 1960 7,
1683 1893 1711 1947 et
1722 1885 1754 1959 S,

113 1915 910 2078 ιιιιιιιιιιιιιιιιιιιιι
1001 1957 1265 2120 pqqpqp
1276 1881 1394 2115 pp
1405 1961 1560 2122 ιιι.
1575 1961 1607 2038 ι
1620 1961 1707 2044 ιι,
1727 1971 1756 2026 ι

116 2105 209 2150 amor
229 2081 428 2148 convertitur
448 2082 481 2143 in
502 2080 622 2142 odium.
637 2079 722 2159 Ergo
737 2077 846 2139 odium
861 2078 911 2140 est

115 2167 231 2228 lortius
246 2179 366 2226 arnore.
1002 2161 1049 2224 lid
1064 2166 1216 2241 quartum
1227 2162 1273 2224 sic
1283 2161 1477 2242 proceditur.
1487 2163 1516 2224 1.
1526 2161 1660 2225 Videtur
1670 2162 1757 2242 qudd

156 2245 186 2306 3·
210 2246 385 2314 Proeierefls
409 2237 534 2305 affectio
557 2237 672 2300 anime
715 2255 750 2298 er
763 2233 910 2298 ellectum
963 2242 1080 2321 aliquis
1102 2243 1205 2322 possit
1226 2242 1367 2322 seipsum
1389 2241 1463 2304 odio
1483 2242 1612 2306 hahere.
1634 2243 1758 2306 Dicitur

115 2321 349 2386 maniiestatur.
365 2319 424 2380 Sed
440 2313 553 2380 lortius
563 2317 683 2378 insistit
693 2255 792 2377 ionio
806 2315 845 2377 ad
859 2330 912 2376 re·
963 2321 1092 2384 enimin
1104 2323 1221 2384 Psaim.
1237 2321 1286 2395 10,
1297 2322 1317 2381 6
1328 2341 1336 2381 t
1349 2320 1413 2398 Qui
1423 2321 1531 2401 ditiqit
1547 2319 1755 2408 iniquitatem,

114 2401 300 2482 pellendum
317 2399 464 2460 odiosum
482 2395 579 2474 quim
599 2395 638 2458 ad
651 2393 911 2474 prosequendum
965 2399 1031 2463 odit
1044 2401 1179 2462 animam
1190 2417 1287 2462 suam.
1301 2399 1360 2461 Sed
1376 2399 1469 2462 multi
1485 2399 1621 2480 diligunt
1635 2401 1758 2481 iniqui·-

118 2487 281 2550 amatum3
297 2479 380 2538 sicut
393 2477 490 2537 etiam
508 2475 619 2535 bestiae
640 2475 802 2535 abstinent
821 2471 841 2534 d
858 2473 912 2532 de·
963 2483 1074 2541 tatem,
1090 2479 1175 2559 Ergo
1187 2479 1280 2541 multi
1291 2479 1403 2540 odiunt
1415 2479 1549 2557 seipsos.

118 2559 321 2620 lectabilibus
344 2557 475 2633 propter
488 2555 643 2625 verbera,
658 2555 694 2612 ut
713 2551 911 2630 Augustinus
1003 2557 1035 2618 2.
1057 2557 1225 2628 Praeterea,
1239 2557 1331 2618 illum
1347 2557 1472 2618 odimus
1490 2557 1541 2620 cui
1555 2559 1705 2624 volumus
1725 2565 1758 2624 et

120 2636 294 2698 introducit
309 2636 341 2694 in
356 2633 411 2695 lib·
432 2631 563 2706 83QQo
578 2631 640 2692 ¹⁰0·
656 2632 810 2692 1111116011·
826 2629 912 2709 ΕῑἙῡ
965 2653 1139 2715 operamur
1167 2636 1298 2698 malum.
1325 2635 1383 2696 Sed
1412 2637 1608 2715 quandoque
1639 2639 1757 2720 aliquis

118 2716 230 2776 odium
245 2720 293 2776 est
307 2711 420 2774 lortius
435 2727 555 2773 amore.
967 2715 1036 2778 vult
1050 2719 1081 2778 et
1093 2718 1246 2794 operatur
1260 2713 1319 2776 sibi
1332 2713 1392 2792 ipsi
1405 2714 1538 2788 maium,
1549 2714 1627 2793 putd
1640 2717 1686 2779 illi
1698 2719 1756 2798 qui

159 2794 219 2856 Sed
233 2798 366 2863 contra.
382 2793 503 2853 bonum
519 2792 568 2851 esi
591 2787 704 2849 lortius
724 2787 822 2866 quarn
837 2805 913 2850 ma-
965 2793 1154 2856 interimunt
1176 2795 1311 2874 seipsos.
1324 2793 1409 2874 Ergo
1433 2794 1534 2874 aliqui
1554 2794 1677 2874 seipsos
1692 2796 1758 2859 ha-

118 2875 200 2942 tum,
211 2871 409 2952 quiamoium
423 2888 487 2930 aon
500 2869 566 2947 opit
576 2867 639 2929 nisi
649 2867 685 2929 in
699 2865 910 2934 uirtuteironi,
965 2873 1041 2934 bont
1052 2873 1136 2934 odio.

118 2957 156 3014 ut
170 2951 342 3032 Dionysius
357 2949 448 3022 dicit,
464 2963 534 3027 cap·
553 2943 624 3008 ide
639 2945 702 3008 dii·
718 2945 822 3019 ΝΟΜ,
836 2947 909 3007 leci·
1003 2951 1033 3012 3.
1055 2953 1228 3026 Preterea,
1242 2951 1371 3014 Boetius
1384 2951 1459 3014 dicit
1474 2951 1507 3014 in
1524 2951 1545 3014 2
1560 2951 1598 3015 de
1612 2953 1755 3029 consol„

119 3031 159 3092 16
173 3035 293 3108 etseq.
309 3028 368 3088 Sed
389 3027 498 3088 odium
521 3030 552 3088 et
572 3041 664 3088 amor
686 3021 836 3086 differunt
858 3043 913 3086 se-
986 3030 1061 3092 rosa
1077 3029 1112 3104 5,
1128 3028 1244 3109 partim
1259 3028 1409 3109 aprino„
1428 3030 1513 3111 quiid
1531 3033 1667 3096 avaritia
1680 3033 1759 3115 socii

119 3106 481 3199 cundrlmdiderentiam
496 3104 571 3167 boni
582 3107 614 3166 et
625 3104 710 3192 muti.
722 3103 806 3183 Ergo
820 3119 913 3165 amor
964 3047 1100 3170 iamiam
1123 3109 1266 3178 odiosos,-
1284 3129 1326 3171 ex
1347 3127 1413 3188 quo
1433 3112 1538 3189 potest
1555 3112 1655 3190 accipi
1670 3112 1757 3191 qudd

118 3193 170 3252 est
183 3189 296 3250 tortior
309 3187 395 3247 odio.
964 3189 1068 3250 omnis
1094 3187 1191 3249 homo
1209 3189 1276 3250 odit
1299 3205 1444 3252 avarum.
1472 3189 1531 3252 Sed
1553 3190 1654 3271 aliqui
1679 3198 1759 3255 suut

160 3266 349 3346 despondeo
367 3263 534 3331 dicendum
548 3261 634 3400 quoti
652 3259 850 3339 impossibile
864 3265 912 3323 est
955 3267 1065 3338 ‚avari
1080 3267 1166 3348 Ergo
1181 3268 1226 3328 illi
1243 3269 1357 3330 odiunt
1373 3267 1505 3347 seipsos.
1740 3292 1743 3300 ·

120 3345 268 3410 ellectum
281 3344 340 3406 sud
354 3341 455 3405 causa
467 3361 538 3404 esse
561 3346 723 3403 ortrorem.
738 3339 841 3401 Omne
854 3356 912 3402 au·
1003 3345 1064 3406 Sed
1076 3351 1187 3408 contra
1200 3351 1248 3408 est
1258 3347 1379 3426 quodA
1405 3347 1526 3410 ostoius
1537 3348 1613 3410 dicit
1622 3349 1662 3412 ad
1673 3350 1756 3430 Epir.

82 3487 84 3490 ,
118 3431 185 3489 tem
198 3425 308 3486 odium
322 3423 464 3501 procedit
477 3439 518 3483 ex
528 3421 638 3498 aliquo
650 3435 760 3481 amore
774 3419 857 3482 sicui
870 3437 911 3480 ex
963 3423 1162 3504 5‚29‚qudd
1183 3443 1268 3487 nemo
1289 3445 1353 3508 unq
1394 3445 1424 3488 m
1441 3445 1563 3488 carnem
1582 3445 1669 3490 attam
1684 3429 1756 3492 odio

121 3502 236 3576 causi,
252 3507 288 3565 ut
303 3501 533 3580 supradictum
554 3505 618 3575 est,
635 3501 696 3561 art.
713 3515 808 3577 prae.
823 3497 912 3560 Unde
963 3503 1080 3566 habuit.
1739 3522 1740 3528 ¹

121 3581 320 3662 impossibile
333 3587 383 3646 est
395 3579 480 3660 quod
495 3579 603 3642 odium
619 3579 661 3640 sit
674 3577 787 3640 lortius
801 3593 912 3639 amore
1003 3582 1192 3662 liespondeo
1209 3581 1377 3646 dicendum
1392 3583 1477 3664 qndd
1498 3584 1694 3680 impossibile
1709 3591 1758 3650 εει

121 3661 319 3740 simpliciter.
963 3661 1049 3740 qudd
1062 3663 1192 3742 aliquis,
1203 3679 1261 3741 per
1273 3681 1308 3726 se
1318 3663 1491 3742 loquendo,
1504 3665 1591 3726 odiat
1602 3665 1754 3742 seipsum.

161 3741 220 3803 Sed
234 3741 361 3818 oportet
371 3733 507 3800 ulterius
522 3734 607 3813 qudd
622 3751 714 3798 amor
727 3733 914 3827 simpliciter
962 3740 1160 3803 Naturaliter
1177 3743 1263 3802 enim
1284 3742 1538 3834 unumquodque
1557 3747 1677 3820 appetit
1691 3745 1756 3805 bo·-

121 3819 281 3898 loquendo
303 3817 345 3880 sit
364 3817 438 3877 odio
451 3815 572 3876 tortior.
594 3814 721 3875 Fortids
744 3831 830 3874 emm
844 3829 913 3874 mo·
964 3837 1061 3894 num,
1082 3835 1143 3880 nec
1169 3822 1273 3898 potest
1296 3820 1417 3898 aliquid
1439 3820 1499 3882 sibi
1521 3825 1671 3900 appetere
1692 3822 1756 3884 nisi

120 3905 214 3962 retur
227 3897 348 3976 aliquid
363 3895 397 3956 in
412 3895 509 3955 tinem
530 3890 629 3972 quim
643 3893 676 3952 in
698 3909 737 3954 ea
750 3909 823 3970 quie
837 3896 913 3952 sunt
964 3899 1025 3959 sub
1049 3897 1175 3959 ratione
1202 3899 1297 3970 boni3
1324 3915 1399 3959 narn
1423 3898 1543 3959 malum
1569 3901 1618 3960 est
1641 3904 1756 3978 prater

121 3979 162 4040 ad
179 3978 284 4040 tinem.
300 3977 456 4036 Recessus
476 3969 618 4033 antemi
639 3970 725 4033 malo
745 3969 914 4032 ordinatur
965 3977 1183 4049 voluntatem,
1198 3981 1235 4036 ut
1248 3976 1420 4056 Dionysius
1434 3975 1521 4050 dicit,
1536 3975 1556 4037 t
1570 3995 1641 4057 cap.
1657 3979 1755 4041 dedi.

26 4109 30 4116 .
121 4058 162 4120 ad
171 4054 430 4119 consecutionem
445 4051 521 4112 boni
536 4050 620 4112 sicut
638 4049 678 4111 ad
700 4048 808 4110 tinem.
824 4047 912 4140 Unde
966 4055 1030 4116 rin.
1043 4055 1148 4126 Nom,
1159 4055 1231 4116 lect.
1244 4055 1295 4114 22.
1309 4056 1426 4116 Amare
1436 4061 1543 4118 autem
1552 4056 1692 4137 aliquem
1707 4064 1757 4120 εει

120 4135 308 4214 simpliciter
320 4129 482 4210 loquendo
493 4129 606 4190 tortior
619 4132 783 4190 estmotus
798 4143 912 4190 animae
964 4133 1046 4196 velie
1061 4133 1089 4193 ei
1106 4135 1241 4207 bonum,
1253 4139 1289 4195 ut
1302 4150 1400 4212 supra
1420 4134 1539 4196 dictum
1558 4142 1625 4210 εει,
1638 4143 1753 4216 quaest.

121 4217 155 4278 in
169 4217 288 4276 bonum
302 4208 400 4289 quam
415 4211 448 4270 in
462 4209 594 4270 malum.
720 4284 728 4300 ·
863 4283 869 4298 ⁸
963 4211 1014 4285 aa,
1028 4215 1089 4274 art.
1105 4209 1135 4271 1.
1148 4212 1435 4276 Undenecesseest
1446 4213 1531 4292 quod
1542 4215 1658 4294 aliquis
1670 4223 1756 4280 amet

161 4293 219 4354 Sed
234 4295 341 4353 tamen
353 4287 527 4366 aliquando
537 4288 664 4350 videtur
677 4284 786 4347 odium
798 4285 912 4347 lortius
964 4291 1122 4370 seipsum
1133 4297 1165 4352 et
1177 4291 1372 4370 impossibiie
1385 4297 1434 4356 εει
1446 4293 1532 4372 qudd
1542 4295 1658 4374 aliquis
1670 4297 1756 4358 odiat

121 4389 232 4435 amore
259 4375 390 4448 propter
420 4368 483 4430 duo
507 4387 515 4426 r
542 4366 647 4460 prime
674 4365 802 4445 quidem
833 4366 912 4504 grtia
965 4371 1117 4449 seipsum,
1132 4387 1190 4448 per
1205 4389 1239 4432 se
1254 4372 1425 4451 loquendo.
1737 4403 1739 4410 ·

122 4452 230 4514 odium
244 4455 293 4511 εει
313 4448 414 4527 magis
430 4446 582 4508 sensibile
598 4443 696 4524 qudm
715 4460 817 4506 amor.
857 4459 913 4504 um
1003 4449 1063 4510 Per
1078 4449 1224 4512 accidens
1240 4455 1346 4512 tamen
1360 4451 1516 4531 contingit
1532 4449 1617 4528 qudd
1636 4452 1755 4530 aliquis

122 4531 207 4592 enim
226 4526 341 4590 sensim
357 4525 517 4618 perceptio
532 4525 574 4585 sit
588 4525 620 4585 in
635 4521 773 4603 quddam
789 4523 913 4583 immu-
964 4529 1106 4606 seipsum
1128 4528 1201 4588 odio
1213 4529 1346 4602 habeat,
1361 4532 1393 4590 et
1406 4530 1467 4590 hoc
1481 4529 1671 4606 dupliciter:
1686 4547 1754 4592 uno

122 4609 260 4680 tatione,
276 4623 316 4670 ex
330 4621 395 4684 quo
414 4603 535 4681 aliquid
545 4602 612 4683 iam
632 4602 832 4694 immutatum
852 4606 911 4691 est,
963 4607 1059 4668 modo
1075 4625 1117 4669 ex
1134 4611 1227 4700 parte
1247 4607 1322 4668 boni
1339 4608 1424 4685 quod
1445 4608 1505 4668 sibi
1527 4607 1644 4684 aliquis
1666 4610 1753 4682 vult3

123 4705 187 4750 non
202 4687 246 4748 ita
264 4685 411 4752 sentitur.
428 4683 512 4744 sicut
523 4681 652 4760 quando
667 4687 714 4741 esi
726 4681 760 4740 in
773 4697 844 4758 ipso
856 4697 913 4741 tm·
964 4686 1077 4748 accidit
1091 4702 1176 4746 enim
1189 4685 1383 4764 quandoque
1397 4685 1475 4746 illud
1490 4685 1576 4764 quod
1592 4687 1755 4764 appetitur

123 4765 249 4828 mutari.
272 4764 361 4826 Unde
381 4762 470 4824 calor
489 4759 585 4823 febris
600 4760 748 4832 heretice,
763 4757 911 4836 quamvis
963 4766 1001 4826 ut
1023 4759 1198 4825 secuudirm
1219 4763 1295 4840 quid
1319 4765 1457 4836 bonum,
1478 4779 1549 4824 esse
1569 4763 1756 4843 simpliciter

91 4853 94 4856 '
124 4844 292 4923 sitmajor,
309 4846 495 4903 nontamen
516 4839 562 4900 ita
588 4839 725 4900 sentitur
752 4837 835 4898 sicut
855 4853 914 4900 ca-
963 4843 1102 4913 malum;
1118 4845 1153 4904 et
1165 4839 1339 4902 secundina
1364 4842 1425 4903 hoc
1447 4842 1563 4921 uliquis
1586 4861 1644 4922 per
1664 4846 1757 4908 acci·-

123 4926 176 4986 lor
197 4923 362 4992 tertiance3
377 4919 455 4998 quia
470 4919 558 4979 calor
578 4917 707 4978 hectieae
718 4914 784 4994 iam
801 4931 911 4976 versus
964 4919 1041 4982 dens
1066 4921 1135 4981 vult
1154 4920 1216 4981 sihi
1237 4921 1377 4991 malum,
1392 4921 1478 4999 quod
1495 4925 1543 4983 est
1565 4923 1663 4985 odire.
1684 4925 1755 4987 Alio

127 5007 173 5066 εει
186 5001 279 5081 quasi
302 4999 335 5060 in
350 4998 494 5059 habitum
509 5000 540 5058 et
553 4999 714 5058 naturam.
730 4995 769 5054 Et
782 4997 914 5084 propter
964 4999 1058 5060 modo
1079 5017 1121 5060 ex
1143 5004 1235 5077 parte
1254 4999 1304 5060 sul
1327 5001 1445 5078 ipsius,
1461 5001 1511 5062 cui
1532 5002 1601 5062 vult
1621 5005 1753 5066 bonum.

126 5083 185 5144 hoe
203 5082 299 5144 etiam
321 5095 413 5140 amor
433 5075 535 5156 magis
557 5075 693 5136 sentitur
715 5073 748 5134 in
768 5070 913 5135 absentia
964 5077 1223 5158 Unumquodque
1241 5078 1326 5139 enirn
1340 5077 1479 5142 maxime
1492 5084 1540 5142 εει
1557 5080 1587 5141 16
1606 5081 1692 5160 quod
1708 5089 1757 5145 cst

126 5161 239 5231 amati,
254 5159 336 5222 sicut
358 5157 556 5236 Augustinus
570 5153 645 5215 dicit
658 5153 691 5213 in
706 5153 744 5213 10
758 5151 797 5214 de
808 5152 911 5243 Trin,
965 5157 1174 5236 principaliim
1192 5158 1224 5217 in
1242 5159 1332 5236 ipso;
1352 5157 1438 5219 unde
1450 5157 1560 5220 civitas
1579 5161 1695 5223 dicitur
1709 5162 1757 5226 la-

125 5255 195 5317 cap.
212 5239 266 5311 12,
282 5235 302 5301 i
316 5235 411 5308 med„
426 5234 512 5312 quod
524 5251 612 5294 umor
626 5249 691 5294 606
710 5233 911 5300 1108861166.
966 5251 1038 5298 cere
1048 5237 1080 5295 id
1094 5235 1180 5314 quod
1189 5254 1249 5298 rex
1260 5235 1344 5309 lacit,
1360 5237 1454 5315 quasi
1466 5255 1525 5299 rex
1535 5239 1576 5299 sit
1588 5243 1655 5303 tota
1670 5242 1757 5304 civi-

127 5316 195 5378 cdm
216 5335 278 5378 oon
297 5313 408 5395 prodit
427 5331 493 5374 eum
512 5311 700 5404 indipentio.
721 5310 761 5370 Et
782 5311 914 5388 propter
965 5318 1027 5376 tas.
1048 5313 1254 5378 Manifestum
1278 5318 1328 5377 est
1347 5332 1424 5408 erqo
1449 5315 1534 5456 quod
1557 5317 1654 5380 homo
1683 5338 1757 5384 ma-

127 5393 187 5458 hoe
196 5395 292 5460 etiam
301 5393 513 5472 repugnantia
528 5409 596 5471 epus
611 5389 695 5468 quod
710 5389 828 5463 oditur,
841 5405 915 5450 sen·
966 5391 1053 5454 xime
1080 5397 1128 5464 est
1156 5411 1246 5456 inens
1274 5395 1426 5456 hominis.
1478 5397 1615 5477 ontingit
1646 5403 1756 5460 autem

127 5472 250 5538 sibilius
273 5473 449 5554 percipitur
472 5468 570 5548 quam
597 5467 821 5531 convenientia
843 5466 913 5546 ejus
967 5472 1053 5551 qnod
1074 5473 1175 5551 aliqui
1198 5474 1410 5536 estimantes
1431 5474 1571 5536 maxime
1592 5478 1757 5539 esseillud

127 5552 212 5627 quod
226 5557 364 5616 amatur.
381 5549 524 5612 Secundo
538 5549 615 5628 quia
630 5564 695 5608 non
710 5549 915 5624 comparatur
967 5551 1053 5630 quod
1067 5557 1142 5614 sunt
1154 5549 1329 5615 secundum
1348 5557 1499 5614 naturam
1512 5555 1712 5632 corporalem
1724 5561 1757 5618 et

128 5628 236 5688 odium
250 5633 289 5692 ad
303 5647 446 5692 amorem
459 5629 521 5689 sihi
534 5625 846 5706 correspondentem.
861 5622 916 5687 Se·
968 5631 1153 5693 sensitivam
1168 5651 1177 5705 ς
1205 5631 1291 5693 unde
1315 5635 1425 5693 amant
1455 5649 1490 5693 se
1517 5629 1693 5693 sacundtim
1712 5635 1763 5695 qq,

127 5703 267 5770 cundum
286 5709 371 5769 enirn
388 5707 603 5768 diversitatem
623 5707 782 5767 honorum
799 5707 848 5766 est
861 5702 916 5764 di·-
968 5709 1052 5787 quod
1076 5713 1234 5772 estimant
1252 5727 1287 5774 se
1309 5727 1401 5782 esse3
1420 5709 1475 5771 sed
1496 5709 1609 5773 odiunt
1622 5710 1654 5771 id
1670 5713 1758 5806 quod

128 5787 261 5854 tersitae
285 5801 435 5849 amorum·
454 5785 487 5845 in
509 5785 726 5864 magnitudine
746 5787 777 5846 et
799 5784 916 5863 parri-
968 5795 1043 5864 vara
1073 5801 1166 5870 guni,
1194 5785 1269 5850 ddm
1295 5789 1411 5853 volunt
1439 5789 1600 5853 contraria
1626 5793 1756 5854 rationi,

381 5885 502 5950 Sonus
536 5891 572 5948 ll.
1444 5883 1580 5970 (nuit.)

961 1801 1144 1864 Anniculus
1166 1819 1209 1864 ιι.
1226 1837 1263 1848 -
1278 1799 1306 1865 U
1309 1799 1391 1864 inim
1407 1803 1522 1884 aliquis
1534 1805 1637 1886 possit
1647 1803 1755 1868 ludere
