4004 6346
112 306 158 374 ιω
199 309 202 314 ’
334 269 336 274 ¹
372 297 507 370 Quasi.
528 302 644 362 txxttt.
665 305 710 363 llll
728 303 996 365 continuatorum
1015 307 1247 371 baccatonult
1262 315 1308 371 ab
1327 314 1477 372 tltvtcutt.
1694 309 1744 368 tot

119 423 276 492 mamam.
290 424 353 488 Sed
372 423 542 486 diminutio
563 423 756 504 integritatis
776 426 901 486 nature
954 429 1139 489 eumentum
1166 444 1185 492 a
1209 430 1320 509 gravet
1340 433 1523 506 peccatum,
1549 445 1616 492 uon
1637 434 1744 493 tamen

120 511 164 568 est
180 510 413 567 nocumentum.
423 505 509 584 Ergo
522 503 611 568 tanto
624 503 755 584 gravius
765 506 814 564 est
828 520 901 581 pec·
954 505 1101 584 sequitur
1114 445 1206 586 quoti
1218 527 1261 570 ex
1279 508 1350 571 solo
1370 512 1563 570 nocumento
1580 514 1744 589 peccatum

121 584 546 665 catum,quantdnra1useut
561 587 800 644 nocumentum.
954 591 1164 664 aggravatum
1189 587 1335 666 quinimo
1362 590 1526 667 peccatum
1555 607 1614 668 per
1639 607 1673 651 sc
1700 599 1748 650 est

156 665 339 744 Respondeo
361 663 530 725 dicendum
556 660 642 742 qudd
672 662 901 723 nocumentum
976 664 1085 726 rarius
1109 671 1240 745 propter
1268 667 1560 739 inordinationem,
1586 672 1621 729 ut
1647 685 1746 747 supra

120 745 280 824 tripliciter
305 761 339 805 sc
365 744 485 806 babere
508 745 614 820 potest
638 739 679 803 ad
702 745 868 818 peccatum
891 757 900 799 ι
954 681 1151 816 ἕιεῐιιιιιεεῐ,
1176 749 1236 807 art.
1253 745 1273 805 3
1289 745 1385 826 buius
1409 763 1465 825 qu.
1484 745 1571 808 Unde
1591 750 1622 808 ct
1642 748 1747 826 ipsum

121 823 306 903 quaudoque
322 823 408 884 enim
430 824 659 884 nocumentum
678 819 765 912 quod
780 835 903 897 prove-
955 828 1184 884 nocumentum
1206 829 1361 905 aggravat
1381 829 1567 904 peccatum,
1583 826 1617 887 in
1639 843 1742 904 quan·

122 903 377 980 uitexpeccato,
394 907 443 962 est
464 899 657 980 praevisum,
674 903 705 961 et
723 902 900 972 intentum,
954 905 1022 961 tum
1050 900 1124 963 iacit
1147 907 1254 965 actum
1285 921 1355 966 esse
1385 905 1487 984 magis
1514 905 1746 967 inordinatum.

120 983 196 1044 sicut
220 979 293 1042 cium
318 981 437 1060 aliquis
461 979 584 1072 aliquid
609 982 763 1057 operatur
793 977 902 1038 animo
954 979 1042 1041 Unde
1072 996 1136 1042 non
1169 982 1317 1062 sequitur
1345 982 1443 1062 qudd,
1464 985 1491 1044 si
1518 989 1747 1048 nocumentum

120 1059 246 1123 nocendi
268 1060 379 1132 alteri,
394 1062 430 1120 ut
444 1057 604 1121 homicida
620 1057 670 1121 vel
689 1055 759 1130 ιρις
779 1061 812 1118 et
826 1060 902 1117 tunc
954 1059 1094 1121 maxinrd
1117 1061 1211 1122 babet
1232 1063 1338 1124 locum
1360 1063 1393 1122 in
1414 1063 1552 1141 peccatis
1576 1081 1649 1142 quae
1672 1071 1750 1126 sunt

120 1137 229 1200 directe
245 1139 409 1218 quantitas
424 1137 609 1199 nocumenti
628 1135 767 1216 adauget
788 1135 903 1214 gravi·
954 1143 1066 1200 contra
1088 1140 1290 1218 proximum,
1307 1141 1362 1203 illa
1385 1145 1515 1220 peccata
1536 1141 1601 1202 sint
1620 1145 1750 1223 gravis-

120 1222 209 1281 tatem
228 1218 372 1296 peccati,
396 1217 475 1295 quia
500 1222 577 1278 tune
600 1219 829 1276 nocumentum
855 1217 903 1276 est
955 1217 1052 1284 sima.
1069 1218 1144 1296 quio
1163 1219 1263 1280 nrultb
1286 1219 1389 1299 major
1404 1220 1600 1282 inordinatio
1614 1222 1749 1284 inceni-

121 1314 172 1376 per
183 1313 217 1358 se
231 1295 392 1374 objectum
411 1296 545 1375 peccati.
578 1294 779 1370 Quandoque
794 1296 902 1354 autern
955 1303 1009 1357 tur
1024 1297 1055 1356 in
1070 1299 1205 1374 [reseratis
1219 1317 1291 1376 quse
1306 1304 1382 1361 sunt
1405 1305 1516 1363 contra
1537 1301 1656 1374 beum,
1671 1308 1703 1362 et
1714 1303 1756 1365 in

120 1379 338 1436 nocumentum
353 1379 401 1436 est
416 1375 604 1468 previsum,
623 1372 678 1434 sod
702 1387 768 1433 non
790 1372 904 1433 inten-
955 1376 1147 1452 quibusdam
1163 1379 1274 1438 eorum
1291 1396 1364 1470 queo
1378 1384 1453 1440 sunt
1464 1382 1576 1442 contra
1592 1381 1747 1459 scipsum.

118 1459 189 1526 tum,
203 1454 286 1516 sieut
297 1453 371 1515 etim
383 1455 502 1532 aliquis
519 1451 680 1514 transiens
693 1467 753 1530 per
768 1467 901 1530 agrum.
955 1455 992 1514 itt
1014 1461 1120 1517 tanton
1152 1465 1255 1534 potest
1276 1457 1336 1519 dici
1360 1457 1446 1535 qudd
1472 1458 1531 1521 etsi
1552 1459 1620 1519 Deo
1639 1461 1748 1524 nullus

117 1537 150 1593 ut
161 1529 415 1612 compendiosiits
427 1533 524 1596 vadat
535 1532 574 1593 ad
590 1529 830 1600 fornicandum,
846 1529 903 1590 in·-
955 1535 1056 1612 possit
1074 1553 1188 1597 rrorere
1205 1537 1362 1615 quantum
1379 1537 1419 1599 ad
1436 1538 1505 1618 ejus
1522 1539 1748 1612 substantiam,

118 1611 172 1672 lert
187 1611 562 1673 scienternocumentum
576 1610 626 1672 bis
640 1613 801 1688 quaesunt
815 1608 904 1670 serni-
956 1619 1056 1690 potest
1083 1623 1187 1676 ιιιιιιιιι
1215 1622 1443 1679 nocumentum
1462 1621 1620 1678 attentare
1643 1617 1676 1680 in
1696 1617 1748 1680 bis

118 1695 186 1752 nata
198 1689 231 1750 in
244 1707 336 1771 agro,
350 1689 424 1752 licet
438 1707 504 1752 non
519 1691 628 1752 animo
645 1687 844 1762 nocendi;et
857 1687 904 1749 sie
955 1709 1027 1770 qum
1042 1693 1097 1754 ltei
1114 1703 1207 1768 sunt,
1230 1697 1313 1757 sicut
1334 1697 1526 1775 extirpando
1545 1695 1656 1770 fidem,
1674 1695 1750 1759 vio-

117 1769 205 1832 otiam
226 1770 391 1848 quantitas
417 1768 600 1831 nocumenti
616 1771 770 1848 aggravat
787 1782 904 1844 pccca-
955 1769 1051 1832 lando
1072 1789 1181 1848 sacra,
1203 1791 1277 1852 qum
1298 1779 1373 1837 sunt
1393 1779 1525 1854 peccata
1544 1775 1749 1856 gravissima.

117 1849 257 1920 tum‚sed
270 1847 436 1923 indirecte,
453 1850 654 1926 inquantum
668 1845 789 1910 scilicet
802 1861 842 1906 ειι
853 1861 904 1907 vo
955 1849 1018 1910 Sibi
1049 1851 1146 1914 etiam
1175 1853 1292 1932 aliquis
1324 1855 1520 1933 quandoque
1550 1854 1689 1917 scienter
1718 1862 1750 1918 et

116 1925 584 1990 luntatemultdminclinatdad
592 1924 789 2004 peccandum
797 1941 905 2002 proce
956 1929 1102 1992 volenter
1121 1931 1218 1993 inlort
1240 1939 1484 2004 nocumentum,
1504 1933 1587 1995 sicut
1607 1939 1694 2012 patet
1714 1935 1749 1997 in

116 2005 157 2066 dit
168 2004 251 2084 qudd
268 2007 389 2085 aliquis
403 2023 468 2069 non
485 2005 707 2084 pretermittat
723 2003 828 2066 lacere
840 2003 904 2065 da·
955 2007 1005 2069 his
1020 2010 1075 2088 qui
1092 2027 1126 2072 se
1142 2011 1349 2087 interimunt,
1366 2011 1440 2075 licet
1458 2011 1598 2074 tinaliter
1618 2013 1679 2075 boc
1693 2031 1750 2075 re-

116 2101 218 2145 mnum
227 2085 290 2148 sibi
299 2086 350 2149 vel
358 2085 519 2164 alii‚quod
528 2083 788 2162 simpliciternon
796 2083 901 2144 vellet.
956 2087 1060 2150 lerant
1076 2089 1116 2151 ad
1135 2090 1266 2170 aliquod
1279 2094 1399 2154 bonum
1415 2109 1596 2171 apparens,
1614 2089 1694 2170 putd
1709 2091 1750 2156 ad

116 2163 310 2242 Quandoque
319 2168 426 2226 autem
434 2168 664 2226 nocumentum
672 2180 731 2224 uec
740 2161 904 2240 estprmvi·
955 2166 1017 2228 boe
1029 2169 1114 2246 qudd
1127 2169 1305 2233 liberentur
1317 2173 1358 2232 ab
1370 2169 1480 2248 aliqua
1494 2171 1656 2251 angustiat.

117 2259 181 2304 sum
191 2243 437 2317 necintentum3
451 2246 482 2305 et
491 2247 568 2305 tuno
578 2242 604 2304 si
617 2258 675 2320 per
685 2241 832 2303 accidens
843 2240 904 2302 hoc
996 2247 1043 2306 nd
1065 2248 1193 2308 tertium
1215 2249 1385 2315 dicendum
1397 2250 1484 2329 qudd
1504 2251 1561 2313 illa
1577 2251 1661 2312 ratio
1683 2268 1749 2313 non
1827 2260 1832 2268 '

117 2326 342 2385 nocumentum
354 2339 389 2384 se
400 2321 517 2384 babeat
527 2321 567 2383 ad
577 2325 755 2400 peccatum,
769 2335 835 2380 non
848 2336 904 2411 ag·
955 2325 1104 2403 sequitur
1112 2329 1315 2406 propterduo
1328 2349 1335 2387 ε
1347 2329 1451 2407 primd
1461 2329 1590 2408 quidem
1600 2330 1678 2408 quia
1692 2331 1751 2391 bo·

117 2405 222 2478 gravat
235 2405 405 2480 peccatum
419 2399 554 2474 directd3
569 2398 624 2462 sed
642 2403 774 2479 propter
792 2398 903 2477 neglr-
956 2403 1070 2466 micida
1089 2405 1225 2468 intendit
1237 2407 1356 2470 directd
1367 2412 1595 2470 nocumentum
1608 2409 1748 2486 proximi

118 2480 249 2557 gentiam
274 2479 502 2544 considerandi
522 2487 717 2542 nocumenta
733 2493 905 2555 quecon-
955 2482 1132 2546 fornicator
1159 2490 1266 2546 autern
1294 2487 1351 2564 qui
1383 2491 1536 2565 provocat
1558 2489 1748 2560 mulierem,

117 2559 200 2699 tul
214 2556 904 2700 ιιιιιιιιιιιιιιιιιιιιι
956 2563 1431 2704 ιιι
1444 2565 1534 2706 ui

117 2715 141 2775 si
159 2655 405 2794 dalilatqoperam
429 2655 624 2779 reiillicitcei
646 2715 678 2776 Si
700 2713 776 2777 verb
796 2679 905 2806 noun}
956 2658 1750 2802 s:lemgigtqsctqtgusaqcttglapoffititscqnqregs3psebtirqteug-

117 2797 250 2856 mentum
263 2813 325 2888 ρει
338 2813 372 2858 se
385 2801 542 2874 sequatur
555 2813 597 2856 ex
619 2800 693 2858 actu
709 2797 846 2872 peccata,
861 2793 905 2853 Ιι-
955 2797 995 2860 lis
1022 2803 1131 2860 autem
1154 2801 1266 2864 mortis
1290 2802 1399 2863 nullus
1425 2805 1624 2882 potestesse
1655 2802 1749 2866 alteri

117 2869 161 2934 ctt
175 2879 296 2938 nonsrt
319 2875 479 2936 intentum
499 2893 558 2936 nec
576 2873 766 2952 previsum,
785 2871 904 2932 directe
956 2895 1054 2940 causa
1077 2897 1135 2957 per
1154 2897 1189 2940 se
1215 2879 1397 2953 sufficiens,
1419 2881 1497 2959 quia
1522 2882 1632 2948 nullus
1656 2881 1751 2961 spiri·

117 2955 275 3029 peccatum
298 2957 465 3034 aggravat,
480 2954 558 3031 quia
572 2968 784 3030 quaecumque
797 2967 856 3028 per
869 2967 904 3012 se
956 2957 1088 3019 tualiter
1105 2959 1242 3020 moritur
1263 2960 1325 3022 nisi
1349 2958 1481 3040 proprii
1496 2961 1662 3023 voluntate
1677 2978 1751 3040 pec-

117 3035 356 3109 coucequuntur
379 3031 420 3096 ad
442 3035 627 3110 peccatum,
645 3030 807 3109 portinent
820 3045 905 3106 quo-
955 3035 1070 3098 cando.

116 3107 279 3266 gigiimqiri?
291 3110 787 3280 gibllsssgassrffictffi¹‚sgeeqiriffii
804 3106 906 3248 ἓξὲξ]
956 3161 1137 3224 Auricuuus
1151 3179 1196 3222 rx.
1211 3197 1249 3206 -
1261 3160 1374 3224 Utrctm
1385 3170 1749 3258 peccotumoggrooetur

116 3263 560 3346 gaqumpqurimommquod
581 3283 728 3344 (luamus
750 3266 818 3343 ipse
835 3283 902 3329 non
994 3238 1164 3302 seeuodtlm
1192 3241 1402 3303 conditionem
1427 3260 1569 3322 persone
1598 3259 1634 3306 tn
1659 3261 1750 3324 quam

117 3341 269 3420 intendat,
298 3364 357 3408 nec
380 3344 461 3408 iortd
487 3345 679 3425 praevideat,
706 3341 824 3406 directe
847 3361 904 3424 per
991 3327 1154 3398 liwffliw'·
1172 3353 1211 3364 ··
1226 3317 1316 3412 (Μ’
1335 3330 1442 3400 timi·
1460 3321 1511 3396 ⁶¹⁹
1527 3329 1588 3382 iri·
1607 3321 1639 3397 2,
1655 3321 1696 3385 ad
1718 3321 1749 3398 3·

117 3419 173 3484 boc
184 3428 573 3505 aggravaturpeccamm·
996 3405 1024 3458 ct
1035 3398 1143 3472 arati,
1160 3416 1260 3538 cmg„
1274 3407 1302 3462 et
1316 3409 1423 3480 quest.
1445 3399 1496 3474 65,
1510 3408 1572 3493 ort.
1588 3399 1621 3474 i,
1636 3410 1664 3462 et
1674 3401 1694 3462 3
1699 3419 1749 3480 ρ.,

151 3501 248 3564 Aliter
261 3507 372 3566 tamen
384 3503 512 3568 videtur
523 3521 557 3566 so
570 3503 689 3566 habere
703 3503 788 3564 circa
803 3518 905 3564 nocu·
995 3494 1049 3556 lu·
1065 3475 1125 3548 ⁸⁰⁹
1140 3485 1202 3538 ari·
1218 3553 1225 3564 .
1244 3523 1252 3552 ι
1268 3496 1368 3558 willa
1387 3488 1415 3539 ⁶²
1433 3480 1469 3552 1,
1486 3477 1561 3541 ‘¹²⁸²-
1577 3480 1628 3552 ab,
1641 3489 1703 3542 ari·
1717 3480 1749 3554 2·

116 3584 251 3643 mentum
264 3583 403 3660 poenale,
419 3583 507 3660 quod
517 3581 654 3644 incurrit
668 3581 736 3659 ipso
751 3581 807 3658 qui
819 3599 904 3674 pec-
997 3573 1052 3617 ⁶⁰?
1077 3601 1096 3623 ··
1111 3565 1139 3616 ⁶²
1154 3573 1260 3635 ⁰l⁷“⁸⁶·
1268 3557 1298 3632 3,
1312 3554 1472 3649 ⁶⁰l²⁰²3⁸z
1481 3561 1549 3640 fine
1559 3568 1587 3619 0²
1599 3559 1627 3620 Ρ
1628 3559 1685 3621 ³⁰²·
1699 3561 1748 3634 ¹22

117 3663 172 3720 cat.
198 3660 394 3742 Hujusmodi
416 3665 525 3724 autem
547 3662 777 3722 nocumentum
801 3677 905 3738 saper
998 3643 1026 3694 θ’
1068 3633 1748 3718 immam&²¹⁶i100'2'li'2·1025⁰⁶⁸·7·)

117 3737 255 3801 accidens
273 3757 308 3801 se
324 3739 442 3802 babeat
455 3739 494 3802 ad
514 3742 620 3802 actum
635 3737 756 3817 peccati
769 3781 778 3810 ,
792 3741 823 3799 et
838 3755 903 3798 nou
996 3732 1044 3792 Ad
1058 3750 1180 3795 nonum
1195 3735 1242 3797 sic
1256 3735 1450 3813 proceditur.
1468 3737 1497 3796 l.
1515 3736 1649 3798 Videtur
1663 3735 1752 3815 qudd

119 3817 158 3877 sit
171 3819 346 3896 previsum
370 3837 430 3881 nec
456 3819 635 3892 intentum,
661 3834 726 3878 non
749 3818 905 3895 aggravat
955 3815 1088 3892 proptor
1101 3813 1315 3874 conditionem
1338 3831 1484 3893 personae
1504 3815 1537 3875 in
1555 3831 1653 3895 quam
1668 3833 1751 3894 pcc-

116 3900 291 3972 pooeatum‚
306 3914 412 3989 neque
434 3897 582 3975 sequitur
594 3894 749 3976 majorem
765 3895 905 3976 gravita-
956 3894 1060 3964 catur,
1088 3898 1255 3968 peccatum
1277 3909 1343 3954 nou
1372 3898 1577 3974 aggravetur.
1606 3893 1637 3956 Si
1662 3895 1750 3956 enim

116 3979 174 4034 tem
209 3974 327 4048 eccati3
342 3977 425 4036 sicut
439 3975 466 4036 si
484 3975 601 4054 aliquis
613 3992 746 4036 currens
760 3974 798 4036 ad
812 3975 905 4036 occi·
956 3969 1017 4030 boc
1031 3974 1127 4044 esset,
1143 3969 1283 4032 manime
1294 3975 1578 4050 aggravareturex
1590 3972 1651 4034 boc
1662 3973 1749 4052 qudi

117 4049 172 4112 den
195 4073 261 4125 um,
290 4053 448 4135 impingat
470 4061 501 4115 et
518 4053 613 4116 ledat
636 4053 696 4120 sibi
722 4053 846 4130 podem.
872 4053 903 4113 Si
956 4047 1075 4127 aliquis
1095 4055 1205 4128 peccat
1224 4051 1258 4110 in
1275 4051 1418 4128 aliquem
1440 4051 1545 4112 virum
1570 4052 1693 4131 iustum
1718 4070 1750 4115 ct

117 4131 188 4193 verb
199 4133 265 4195 tale
277 4140 506 4194 nocumentum
520 4151 578 4210 ρει
592 4149 626 4195 sc
637 4137 855 4210 consequatur
865 4132 904 4192 ad
957 4129 1116 4190 sanetum.
1133 4129 1192 4190 Sed
1207 4148 1248 4190 ex
1263 4129 1324 4190 boc
1340 4145 1406 4190 non
1421 4137 1617 4211 aggravatur
1629 4148 1750 4209 pecca-

114 4214 217 4288 aetum
234 4211 378 4290 peccati,
397 4210 472 4273 licet
490 4211 571 4274 torte
593 4229 654 4273 neo
673 4211 715 4272 sit
731 4211 903 4290 praevisum
957 4209 1044 4280 tum3
1066 4205 1173 4270 minuis
1196 4209 1282 4269 enim
1303 4209 1429 4271 laeditur
1449 4227 1489 4270 ex
1513 4208 1634 4290 injuria
1659 4209 1750 4274 illati

117 4291 452 4364 necintentum,tunc
467 4289 571 4370 majus
594 4295 822 4352 nocumentum
839 4307 904 4351 non
955 4286 1132 4358 virtuosus,
1161 4288 1218 4365 qui
1240 4287 1465 4364 equanimiter
1493 4289 1623 4362 tolerat,
1650 4285 1750 4366 quam

117 4365 187 4430 iacit
198 4368 330 4449 gravius
355 4371 533 4447 peccatum,
550 4369 604 4431 sed
619 4367 637 4430 d
652 4385 808 4432 converso
824 4385 905 4448 gra·
958 4364 1025 4438 alii,
1033 4366 1088 4442 qui
1102 4367 1198 4427 etiam
1208 4363 1343 4428 interibs
1354 4367 1561 4430 scandalizati
1576 4367 1748 4430 lmduntur.

117 4445 183 4508 vius
201 4450 370 4527 peccatum
380 4447 502 4509 inducit
518 4449 649 4528 gravium
662 4453 902 4522 nocumentum;
955 4443 1041 4522 Ergo
1050 4444 1189 4506 conditio
1203 4463 1349 4524 personat
1358 4445 1391 4508 in
1401 4463 1498 4525 quam
1511 4450 1674 4525 peccatur,
1683 4464 1753 4508 nou

117 4523 195 4586 sicut
217 4525 338 4666 aliquis
365 4525 520 4601 infidelis,
543 4528 599 4606 qui
621 4527 703 4588 nibil
727 4526 848 4588 audivit
865 4526 904 4588 de
955 4528 1111 4660 aggravat
1125 4529 1300 4602 peccatum.

117 4605 215 4682 penis
229 4605 263 4668 in
278 4605 359 4678 erni,
375 4605 559 4685 graviorem
577 4623 706 4685 poenam
722 4606 755 4665 in
777 4604 904 4666 interno
1048 4603 1218 4676 Proeterea,
1236 4604 1263 4663 si
1278 4603 1418 4664 conditio
1434 4619 1581 4681 personae
1592 4618 1749 4681 aggrava·

118 4683 255 4760 patietur
284 4699 344 4763 pro
369 4689 501 4763 peccato
529 4683 690 4746 homicidii
721 4681 818 4760 quam
845 4700 904 4761 pro
956 4683 1007 4741 ret
1028 4686 1213 4758 peccatum,
1238 4680 1415 4742 maximdn
1440 4685 1590 4772 gravaret
1610 4699 1651 4741 ex
1673 4697 1749 4759 pro-

115 4767 244 4838 peccato
259 4761 335 4825 iurti
346 4782 354 4835 ;
366 4763 445 4841 quia
458 4763 615 4848 enimllroc
629 4779 687 4824 nec
697 4761 831 4837 intendit
845 4779 905 4823 nec
956 4759 1148 4837 pinquitate,
1166 4759 1255 4836 quia,
1274 4759 1360 4821 sicut
1372 4699 1497 4822 'suibus
1511 4759 1586 4822 dicit
1602 4758 1635 4820 in
1647 4761 1749 4824 Para-

117 4841 269 4918 precidit,
283 4857 349 4902 non
362 4846 558 4927 aggravatur
580 4859 622 4903 ex
640 4841 701 4903 boc
718 4844 903 4920 peccatum,
954 4837 1046 4911 doun,
1059 4837 1171 4915 parad.
1186 4837 1224 4911 3,
1239 4837 1279 4899 ad
1295 4839 1369 4911 tin,
1384 4839 1420 4900 ia
1435 4856 1522 4900 servo
1543 4837 1681 4901 necando
1699 4859 1749 4900 sc-

25 4979 31 4990 ,
118 4917 197 4980 sicut
206 4920 362 5001 contingit
376 4921 461 4984 circa
473 4921 614 4992 fidelem,
627 4920 684 4998 qui
703 4937 744 4980 en
755 4917 818 4980 hoc
834 4918 904 4996 ipso
954 4916 1014 4977 mel
1032 4923 1201 4996 peccetur:
1221 4917 1376 4996 inputata
1398 4917 1631 4982 circumiendo
1651 4919 1749 4982 mtalta

118 4997 240 5060 uidetur
253 5017 387 5079 peccare
401 4997 551 5081 gravius,
573 4998 657 5077 qudd
681 4998 819 5077 majores
835 5015 906 5076 ραι-
953 5003 1136 5076 peccantur.
1149 4995 1209 5056 Sed
1218 4996 1442 5076 propinquitas
1452 4997 1747 5075 personminquam

119 5091 173 5138 nas
187 5079 377 5152 contemnit,
398 5081 435 5142 ut
457 5078 590 5158 impleat
611 5077 808 5140 voluntatem
831 5093 905 5154 pec·
957 5078 1109 5152 peccatur
1130 5091 1196 5136 non
1220 5075 1347 5136 videtur
1366 5092 1544 5156 aggravare
1591 5081 1746 5150 occatum,

119 5156 420 5300 eludatur
440 5155 828 5237 ⁰
848 5172 906 5217 ⁵⁰·
956 5093 1748 5313 creaturanattractatiattera

156 5312 203 5374 Ad
235 5315 376 5394 primunr
405 5255 483 5396 grrgo
513 5313 681 5378 dicendum
710 5312 906 5392 qudd,sicut
954 5277 1184 5372 damnum⁹sibi
1200 5310 1424 5391 iniert‚qudm
1439 5313 1467 5375 si
1488 5313 1622 5375 interret
1641 5313 1747 5384 alteri,

120 5389 213 5453 etiam
235 5411 273 5456 su
297 5411 334 5456 ra
358 5393 478 5455 dictum
502 5397 573 5467 est,
597 5395 710 5470 quaest.
736 5392 787 5464 20,
810 5393 901 5454 artic.
955 5387 1036 5468 puta
1058 5389 1087 5456 si
1105 5388 1264 5452 occideret
1281 5409 1403 5468 equum
1420 5409 1526 5464 suum,
1542 5389 1680 5470 quamsi
1694 5406 1748 5450 oc·

120 5464 153 5540 d,
173 5467 245 5533 crim
286 5473 479 5535 ebonitate
499 5481 531 5535 et
562 5470 684 5534 malitia
705 5471 903 5532 exteriorum
955 5469 1206 5547 cideretequum
1223 5469 1369 5542 alterius,
1382 5475 1420 5532 ut
1477 5474 1523 5534 tet
1554 5488 1590 5531 er
1603 5468 1748 5530 Philoso-

120 5551 246 5612 actuum
268 5556 440 5632 ageretur,
463 5553 596 5614 eventus
622 5567 781 5628 sequens,
809 5550 836 5611 si
863 5550 905 5610 sit
955 5547 1103 5628 phumin
1123 5547 1242 5624 bitti,
1257 5549 1416 5630 capuit,
1432 5489 1519 5614 Kame
1544 5549 1650 5628 .Ergo
1672 5563 1745 5625 pro·

120 5627 268 5702 provisus
286 5636 318 5692 et
330 5631 471 5693 intentus
485 5676 494 5706 ,
510 5629 597 5692 addit
610 5629 650 5693 ad
664 5630 838 5692 bonitatem
852 5629 904 5692 vel
955 5629 1121 5707 pinquitas
1145 5645 1292 5708 persono
1311 5643 1377 5690 uon
1396 5634 1551 5709 aggravat
1566 5629 1743 5705 peccatum.

119 5705 271 5771 malitiam
284 5708 386 5772 aetds.
995 5707 1025 5766 3.
1048 5708 1225 5783 Preterea,
1246 5706 1389 5769 conditio
1417 5723 1564 5786 personae
1579 5704 1751 5785 peccantis-

157 5784 203 5847 Ad
215 5788 395 5854 secuudum·
405 5788 572 5852 dicendum
585 5786 671 5867 qudd
684 5787 831 5866 quamvis
846 5803 903 5848 no·
955 5785 1116 5865 precipue
1139 5792 1293 5868 aggravat
1312 5789 1478 5862 peecatum
1498 5785 1624 5848 ratione
1642 5782 1757 5864 diguis-
