4008 6340
257 345 308 394 tbi
715 335 847 392 bullita
866 332 1093 392 illaetaattffi
1112 333 1215 394 Pittbl
1236 331 1415 398 SEOENDAE.
1535 345 1539 352 '
1849 332 1903 390 252

234 470 239 509 ι
256 448 361 510 ιιοιιεε
374 465 550 522 sensuum,
564 465 637 530 qun
649 447 770 510 scilieet
784 448 860 508 sunt
873 443 1051 508 seeundum
1104 445 1177 508 rali.
1190 445 1275 527 Erga
1290 465 1349 510 nee
1363 447 1455 526 quies
1470 446 1631 529 appetitas
1644 447 1794 514 animalis
1806 495 1817 525 ,
1829 468 1903 530 quea

236 571 238 580 .
257 529 492 606 coguitionem,
506 537 582 592 sunl
602 529 739 608 propriae
761 526 948 598 hominum;
963 525 1054 586 dele-
1105 530 1153 587 εει
1167 524 1352 597 delectatio,
1366 534 1553 606 potestesse
1566 528 1627 590 nisi
1643 528 1674 591 in
1690 529 1802 610 aliquo
1817 547 1902 593 con-

256 608 412 670 ctationes
426 615 533 670 autem
552 625 726 679 sensuum,
744 605 777 667 in
795 609 953 682 quantum
972 604 1053 665 dili·
1105 604 1257 666 naturali.
1278 605 1373 668 Nulla
1394 623 1472 687 crgo
1487 605 1657 671 delectatio
1678 615 1727 675 est
1748 627 1815 672 aon
1837 626 1903 673 na-

256 695 378 766 guntur
404 695 533 780 propter
557 689 746 762 utilitatem,
767 690 843 746 sunt
864 700 1050 746 communes
1105 684 1230 744 iuratis.

256 767 406 828 omnibus
422 768 628 829 animalibus.
1143 763 1173 822 2.
1187 764 1353 836 Praeterea,
1364 763 1442 826 illud
1453 765 1539 844 quod
1553 773 1601 829 est
1611 770 1724 830 contra
1736 774 1900 842 naturam,

237 861 240 896 ε
296 844 327 905 Si
346 845 443 924 igitur
458 847 631 925 loquamur
651 845 688 906 do
703 842 914 906 delectatione
936 841 1051 904 sensim
1104 848 1152 904 cst
1176 841 1363 904 violentum.
1382 844 1440 906 Sed
1464 863 1550 905 emite
1569 846 1740 908 eicientem
1756 855 1800 908 est
1824 865 1903 909 coct-

252 941 329 1004 qum
340 932 388 986 est
404 925 528 988 ratione
543 923 755 1018 cognitionis,
780 922 984 983 manifestum
1003 927 1052 984 est
1105 921 1248 992 tristans,
1259 921 1670 997 uidicituriniillet.,text.
1682 925 1712 986 a.
1726 925 1900 1018 Ergoniltil

236 1003 342 1082 qudd
361 1003 538 1067 secunddm
563 1022 668 1066 visum
687 1007 736 1065 est
756 1001 861 1082 major
882 1001 1051 1063 delectatio
1103 999 1191 1080 quod
1203 1005 1374 1064 esicontra
1388 1009 1557 1078 naturam,
1573 1003 1822 1067 estdeleetabrle

256 1081 354 1162 quarn
367 1081 545 1145 secundum
559 1083 701 1162 aliquem
713 1081 814 1145 alium
828 1097 972 1143 sensum.
1141 1079 1172 1142 3.
1187 1081 1363 1154 Praeterea,
1385 1079 1538 1144 constitui
1564 1083 1598 1144 in
1614 1085 1780 1162 propriam
1799 1088 1901 1148 natu-

295 1172 325 1231 Si
343 1177 449 1231 autc-m
466 1171 638 1246 loquamur
651 1169 688 1226 de
701 1166 911 1225 delectatione
927 1163 1041 1227 sensds
1102 1175 1193 1232 ram,
1207 1155 1280 1221 etim
1295 1160 1443 1235 sentitur,
1459 1163 1572 1223 causat
1588 1161 1852 1236 delectationem,
1865 1170 1900 1227 ut

256 1265 329 1325 quar
343 1257 391 1310 est
405 1249 529 1308 ratione
544 1247 708 1314 utilitatis,
729 1243 776 1303 sic
795 1243 934 1302 maxilua
952 1243 1042 1304 dele·
1102 1242 1190 1316 patet
1201 1239 1235 1299 in
1247 1237 1431 1302 delinitione
1446 1239 1630 1320 Philosophi
1645 1259 1755 1334 supra
1776 1242 1898 1320 positi,

256 1331 354 1388 etalio
378 1331 426 1386 est
454 1322 628 1387 secandum
648 1330 779 1383 tactum.
804 1319 928 1382 Utilitas
957 1322 1057 1381 carim¹
1102 1318 1200 1380 arti
1226 1317 1293 1398 buj.
1309 1325 1422 1396 quaest.
1438 1319 1499 1381 Sed
1521 1319 1673 1383 constitui
1696 1339 1730 1382 in
1748 1327 1898 1384 naturam

257 1406 458 1466 serisibttiam
472 1405 646 1465 attenditur
658 1399 831 1461 secutidiun
845 1403 988 1462 ordinem
1000 1398 1040 1460 ad
1103 1396 1507 1476 unicuiqucestnaturale,
1524 1399 1601 1476 quia
1616 1405 1721 1461 motus
1738 1399 1896 1464 naturalis

257 1488 532 1545 conservationem
555 1489 677 1542 ιιιιιιιιιε
698 1479 857 1540 animalis.
885 1480 930 1538 Ad
958 1479 1042 1542 banc
1102 1481 1150 1538 cst
1175 1475 1232 1554 qui
1258 1483 1307 1538 est
1328 1476 1368 1537 ad
1390 1476 1564 1539 terminum
1591 1479 1793 1542 naturalem.
1813 1479 1897 1560 Ergo

257 1567 363 1622 aulem
379 1562 546 1622 utilitatem
563 1554 773 1638 propinquius
789 1576 822 1618 se
838 1557 955 1617 babent
968 1576 1042 1618 sen·
1101 1556 1207 1616 omnis
1221 1553 1390 1617 delectatio
1405 1561 1454 1617 est
1468 1557 1638 1620 naturalis.

256 1639 360 1708 sibilia
379 1639 479 1701 tactds
496 1660 505 1712 ς
525 1639 673 1699 ostentm
691 1637 1040 1714 taciuscogrmsmtirua
1140 1632 1200 1695 Sed
1227 1638 1338 1696 contra
1363 1641 1412 1696 est
1434 1635 1521 1715 quod
1547 1636 1676 1699 l'bilosn
1699 1635 1761 1698 lius
1777 1635 1898 1708 dicil,'l

256 1734 369 1778 aarum
388 1735 426 1778 cx
451 1720 567 1794 quibus
593 1717 737 1775 eorrsistit
763 1714 894 1786 urlimal,
924 1716 1043 1776 scilicet
1100 1711 1217 1784 Elaia,
1233 1729 1304 1791 cap.
1320 1713 1401 1775 liet
1416 1717 1487 1798 ult,
1501 1713 1586 1794 qudd
1600 1655 1738 1797 quatford
1757 1714 1896 1778 delecta-

253 1792 347 1852 calidi
359 1796 392 1850 et
406 1795 510 1872 frigidi
522 1836 530 1864 ‚
542 1797 573 1856 ct
588 1792 711 1855 humidi
726 1794 758 1853 el
783 1791 870 1861 sicci,
886 1794 917 1852 et
929 1791 1050 1871 liujus·
1105 1791 1204 1854 tiones
1218 1801 1292 1853 eunt
1304 1792 1551 1872 agritudinuler.
1568 1805 1594 1855 et
1613 1804 1725 1856 contra
1737 1803 1894 1857 naturam.

255 1868 352 1929 modi.
372 1869 459 1932 Unde
470 1869 645 1934 secundum
660 1873 721 1934 hoo
734 1869 960 1932 delectationes
976 1887 1049 1949 quie
1140 1871 1507 1950 llespondeodieendum
1519 1873 1604 1952 qudd
1616 1874 1764 1936 naturale
1781 1873 1897 1937 dieitur

252 1953 329 2008 sunt
343 1946 519 2012 secundum
533 1955 670 2022 tactam,
689 1955 766 2012 sunt
780 1947 917 2029 majores
931 1993 939 2020 ‚
953 1949 1048 2029 quasi
1099 1949 1184 2030 quod
1198 1960 1241 2011 eet
1251 1949 1418 2012 secaaddm
1432 1961 1589 2022 naturam,
1606 1959 1642 2015 ut
1655 1953 1772 2014 dicitur
1784 1951 1804 2012 2
1815 1953 1896 2034 Pby-

252 2024 308 2086 tini
326 2029 588 2108 propinquiores.
603 2029 784 2109 Etpropter
795 2029 857 2090 boc
868 2029 965 2090 etiam
978 2030 1048 2090 ani·
1099 2029 1178 2101 sic.,
1194 2035 1273 2092 text.
1290 2028 1310 2090 lc
1327 2039 1358 2092 et
1378 2029 1408 2092 5.
1423 2031 1544 2094 Natura
1575 2039 1684 2094 autem
1707 2033 1740 2092 in
1765 2031 1897 2095 bomine

251 2105 369 2177 maiia,
385 2125 458 2186 quae
474 2125 538 2170 non
551 2110 672 2170 babent
685 2107 928 2170 delectationem
939 2125 1050 2169 secun·
1099 2107 1270 2188 dupliciter
1289 2110 1371 2171 sumi
1387 2115 1502 2187 potest.
1519 2111 1586 2174 Uno
1601 2111 1710 2184 inodo,
1728 2116 1826 2190 prout
1841 2111 1898 2172 in-

252 2180 327 2244 diam
348 2203 496 2258 sensum,
513 2188 575 2250 nisi
589 2189 714 2251 ratione
727 2188 887 2258 utilitatis,
903 2204 968 2246 non
986 2187 1049 2250 de·
1098 2189 1245 2250 tellectu's
1267 2195 1298 2250 et
1320 2188 1401 2250 ratio
1424 2196 1473 2250 est
1496 2191 1661 2269 potissima
1680 2189 1819 2251 Ιιοιιιιιιίε
1842 2208 1898 2253 na-

251 2263 600 2329 lectanturserundirm
619 2269 700 2330 alios
722 2283 836 2330 sensus
858 2265 919 2326 nisi
940 2266 972 2326 in
994 2283 1047 2328 or·
1099 2270 1193 2336 tura,
1220 2268 1297 2344 quia
1321 2266 1497 2330 secundum
1524 2287 1595 2332 earu
1621 2270 1718 2330 bomo
1742 2269 1772 2328 in
1790 2270 1896 2348 specie

250 2341 324 2404 dine
337 2345 376 2406 ad
392 2345 556 2409 sensibilia
573 2346 676 2411 tactds
689 2368 698 2418 3
711 2365 817 2424 neque
830 2346 916 2406 enim
933 2345 1048 2406 odari—

251 2421 311 2484 bus
326 2423 471 2501 leporum
491 2441 587 2489 canes
607 2427 767 2507 gaudent,
792 2425 846 2488 sed
865 2423 1045 2499 cibatione;

154 2575 157 2584 Ι
251 2517 357 2579 neque
371 2504 422 2565 leo
434 2521 513 2565 voce
525 2507 627 2578 bovis,
642 2506 698 2569 sed
712 2504 926 2579 comestione,
943 2509 979 2565 ιιι
992 2502 1048 2564 di·-

251 2579 336 2642 citur
349 2583 382 2642 in
397 2583 417 2642 3
434 2583 549 2657 latnie,
565 2603 636 2664 cap.
653 2587 701 2656 to,
716 2586 793 2646 circ.
804 2582 887 2644 med.

289 2657 369 2723 Ciam
379 2662 478 2739 igitur
486 2663 654 2728 delectatio
668 2661 771 2726 taetris
783 2663 825 2725 sit
837 2663 978 2724 inanima
993 2679 1047 2725 ra-

249 2737 336 2802 tione
348 2741 506 2812 utilitatis,
518 2743 687 2807 delectatio
697 2749 807 2807 autem
820 2739 909 2803 visits
919 2741 1045 2804 ratione

249 2820 460 2898 cognitionis,
475 2822 586 2901 siquis
601 2829 708 2885 utram
734 2840 774 2884 ue
786 2835 975 2899 comparare
990 2839 1047 2883 ve-

247 2896 305 2969 lit,
322 2900 463 2962 inveniet
478 2901 666 2980 simpliciter
683 2841 927 2963 deffectmionem
941 2899 1045 2964 tacitis

248 2994 320 3039 esse
333 2979 487 3060 ntajorcm
506 2979 718 3043 delectatione
730 2977 844 3049 visits,
868 2979 1045 3041 secundum

248 3055 333 3133 quiid
343 3059 488 3120 consistit
498 3059 583 3122 intra
599 3060 713 3122 limites
729 3057 891 3120 sensibilis
903 3057 1047 3122 delecta-

248 3136 365 3198 tionis:
384 3138 461 3218 quia
477 3138 682 3200 manifestam
694 3137 841 3217 estquod
854 3137 884 3196 id
899 3138 986 3214 quod
996 3143 1046 3200 εει

248 3216 413 3290 naturale,
436 3216 470 3278 in
492 3235 691 3297 unoquoque
708 3220 757 3279 εει
772 3217 1042 3296 potentissimum.

247 3293 438 3374 Huiusmodi
464 3301 572 3358 autem
591 3297 818 3359 delectationes
837 3293 941 3358 tactas
968 3303 1045 3358 sunt

247 3372 286 3436 ad
300 3389 382 3452 quas
400 3375 593 3438 ordinantur
614 3374 882 3454 concupiscentia
903 3376 1044 3438 natura-

246 3452 313 3524 les,
329 3452 411 3516 sicut
425 3454 486 3515 cibi
500 3460 532 3516 et
546 3472 702 3528 venerea,
720 3458 752 3516 ct
764 3452 959 3535 hujusmodi.

286 3531 345 3592 Sed
360 3531 387 3593 si
413 3533 653 3597 consideremus
680 3533 909 3596 delectationes
933 3531 1041 3610 visus,

246 3607 424 3674 secundum
439 3613 525 3690 qudd
543 3613 780 3676 visusdeservit
792 3611 967 3673 intellectui
978 3656 986 3684 ,
996 3613 1043 3676 sic

245 3689 471 3754 delectationes
483 3692 572 3755 visits
587 3697 684 3772 erant
697 3691 852 3772 potiores,
863 3690 903 3752 ea
916 3691 1043 3754 rationo

245 3769 311 3849 qud
326 3775 358 3833 et
372 3770 589 3852 intelligibiles
605 3771 833 3835 delectationes
847 3773 923 3832 sunt
934 3770 1043 3850 potio-

245 3867 298 3913 res
312 3851 530 3914 sensibilibus.

285 3928 332 3991 Ad
347 3930 486 4008 primum
501 3948 578 4012 orgo
591 3930 760 3993 dicendum
771 3927 858 4068 guad
874 3928 1040 4009 gaudium,

246 4009 330 4071 sicut
357 4026 457 4086 supra
478 4009 598 4072 dictum
615 4015 663 4072 est
677 4056 685 4083 ,
701 4013 762 4072 art.
813 4006 882 4087 ltuj.
904 4012 1040 4087 quaest,

246 4087 405 4167 significat
423 4088 597 4150 animalem
622 4088 888 4156 delectationem:
918 4091 949 4148 et
974 4086 1042 4150 baec

246 4165 387 4228 maxime
410 4167 548 4245 pertinet
575 4167 614 4228 ad
640 4168 765 4236 uisum3
790 4165 846 4228 sed
872 4164 1040 4228 delectatio

247 4246 403 4308 naturalis
418 4246 517 4326 magis
534 4246 673 4324 pertinet
689 4246 728 4308 ad
742 4248 873 4306 tactum.

286 4323 333 4385 Ad
348 4324 698 4387 secundumdicendum
708 4321 793 4404 qubd
805 4322 1041 4386 visusmaxime

245 4401 389 4484 diligitur
403 4408 534 4482 propter
547 4404 779 4483 cognitionem,
804 4399 843 4464 εὸ
855 4400 940 4494 qudd
954 4403 1042 4463 mul-

244 4487 294 4546 tas
308 4499 417 4544 rerum
430 4480 625 4546 dillereuiias
643 4481 735 4544 nobis
749 4480 905 4556 ostendit,
922 4484 959 4542 ut
973 4480 1041 4543 ibi-

245 4563 317 4625 dem
332 4561 460 4623 dicitur.

285 4642 331 4704 :td
349 4641 477 4705 tertium
493 4639 662 4705 dicendum
681 4638 768 4720 qubd
786 4639 852 4702 alio
866 4638 961 4701 modo
981 4638 1041 4700 de-

243 4721 371 4784 lectatio
392 4726 441 4782 est
468 4737 567 4784 causa
591 4721 712 4784 amoris
735 4718 894 4789 carnalis,
920 4718 1039 4780 etalio

243 4800 339 4863 modo
352 4799 452 4872 visi0;
468 4817 543 4864 nam
559 4800 746 4873 delectatio,
762 4801 793 4861 ct
812 4795 952 4859 maxime
967 4815 1040 4876 quat

244 4885 295 4942 est
307 4875 482 4941 secundirm
495 4884 629 4950 tactum,
646 4884 694 4940 est
708 4893 808 4940 causa
821 4875 970 4938 amicitiae
985 4876 1040 4937 do-

242 4957 399 5020 leciabilis
423 4975 481 5036 per
500 4956 628 5018 modum
644 4957 736 5020 linis:
757 4956 840 5018 visio
859 4960 967 5017 autom
990 4959 1040 5017 est

243 5053 364 5110 causa,
385 5036 469 5098 sicut
485 5035 571 5097 unde
597 5040 646 5098 est
661 5034 855 5113 principium
876 5033 982 5095 moltis
1003 5035 1038 5095 in

244 5119 402 5194 quantum
416 5132 475 5193 per
489 5115 594 5176 visum
604 5113 751 5175 amabilis
764 5111 1039 5192 imprimiturspe-

243 5195 308 5256 cies
322 5193 368 5255 rei
381 5209 454 5272 quae
464 5193 563 5255 allicit
577 5192 808 5266 adamandam,
816 5195 848 5253 et
861 5190 901 5252 ad
913 5206 1038 5253 concu-

244 5271 429 5351 piscendam
444 5274 514 5352 ejus
529 5272 784 5334 delectationem.

242 5355 424 5424 annicetus
435 5367 492 5414 vu.
512 5385 549 5396 —
564 5347 677 5414 Utrdm
699 5349 805 5431 aliqua
818 5345 981 5412 delectatio
995 5349 1038 5412 rit

513 5429 756 5492 connaturalis.

282 5508 329 5572 Ad
351 5527 386 5572 se
409 5509 523 5571 timum
547 5509 594 5573 sio
623 5509 818 5589 proceditur.
847 5505 1038 5570 1..Videlar

242 5588 328 5669 qubd
341 5528 431 5652 nuria
444 5588 612 5652 delectatio
625 5589 666 5651 sit
680 5585 1037 5651 innaturalisbeleete-

241 5671 288 5731 tio
300 5669 386 5732 enim
398 5671 432 5731 in
451 5665 617 5731 allectibus
641 5667 756 5731 anima
773 5667 1038 5748 proportionetur

240 5749 344 5827 quieti
359 5749 392 5810 in
413 5749 613 5828 corporibus.
634 5748 693 5810 Sed
714 5747 875 5840 appetitus
890 5746 1035 5825 corporis

242 5827 400 5891 naturalis
415 5843 480 5890 non
500 5827 636 5906 quiescit
653 5825 715 5890 nisi
735 5845 766 5889 m
788 5827 859 5889 loco
875 5829 1016 5889 connata

1098 2346 1306 2408 constituitur
1318 2367 1327 2417 ;
1341 2351 1372 2408 ει
1387 2346 1564 2410 sccunddm
1578 2349 1638 2409 boc
1659 2348 1824 2410 naturales
1839 2349 1897 2410 de-

1098 2423 1286 2488 lectationes
1308 2427 1474 2487 bominum
1496 2427 1557 2488 dici
1580 2433 1716 2520 possunt
1731 2445 1805 2504 quae
1822 2433 1897 2490 sunt

1100 2503 1133 2564 in
1146 2505 1282 2582 eoquod
1301 2507 1451 2566 convenit
1469 2507 1591 2567 boniint
1607 2503 1782 2568 seeundum
1799 2507 1896 2568 ratio-

1099 2599 1191 2656 nem;
1207 2585 1289 2646 sicut
1304 2585 1453 2646 delectari
1470 2585 1502 2645 in
1523 2586 1795 2664 contemplatione
1810 2587 1895 2647 veri-

1098 2662 1184 2734 tatis,
1198 2671 1230 2724 et
1242 2663 1274 2724 in
1291 2665 1416 2728 actibus
1436 2665 1587 2726 virtutum
1602 2670 1651 2726 est
1667 2663 1815 2727 naturale
1837 2665 1898 2727 bo-

1098 2741 1188 2802 mini.
1204 2743 1276 2804 atio
1297 2742 1392 2803 modo
1410 2749 1515 2821 potest
1535 2744 1618 2806 sumi
1639 2750 1756 2806 natura
1774 2750 1809 2804 in
1830 2744 1897 2806 bo-

1096 2822 1184 2882 mine
1206 2817 1383 2883 secundtim
1406 2821 1492 2901 qudd
1516 2821 1732 2885 condividttur
1754 2823 1895 2900 rationi,

1097 2899 1217 2960 scilicet
1231 2900 1261 2960 id
1273 2900 1360 2978 quod
1374 2906 1423 2963 est
1442 2919 1612 2964 commune
1627 2901 1749 2962 boruini
1764 2907 1797 2963 et
1809 2903 1896 2978 aliis,

1096 2977 1258 3057 precipue
1270 2979 1356 3058 quod
1374 2981 1492 3042 rationi
1507 2997 1571 3043 non
1585 2981 1709 3054 obedit3
1726 2985 1759 3044 et
1771 2999 1898 3044 sccun-

1096 3054 1171 3118 ditm
1183 3059 1244 3120 boc
1253 3075 1292 3123 ea
1304 3075 1376 3137 quae
1388 3061 1549 3137 pertinent
1561 3058 1601 3122 ad
1614 3060 1896 3124 conservationem

1096 3137 1241 3216 corporis
1258 3139 1308 3202 vel
1320 3135 1497 3200 secundum
1512 3139 1711 3201 individuum
1727 3137 1896 3218 (uicibus,

1095 3221 1213 3294 potas,
1233 3217 1334 3279 lectus
1350 3223 1379 3278 el
1400 3217 1621 3299 hujusmodi),
1646 3219 1696 3280 vel
1719 3217 1898 3281 secandum

1095 3295 1235 3372 speciem
1257 3296 1353 3375 (sieut
1368 3313 1581 3360 venerearum
1605 3297 1722 3379 usus),
1744 3296 1899 3360 dicuntur

1094 3371 1217 3435 homini
1233 3374 1436 3439 delectabilia
1449 3376 1654 3438 naturaliter.

1134 3452 1318 3516 Secundam
1345 3459 1501 3534 utrasque
1529 3458 1637 3518 autem
1667 3454 1897 3519 delectationes

1095 3532 1251 3612 contingit
1263 3534 1390 3611 aliquas
1401 3534 1697 3606 essciunaturales‚
1708 3535 1897 3613 simpliciter

1094 3611 1275 3689 loquendo,
1291 3612 1346 3674 sed
1360 3612 1589 3675 connaturales
1607 3610 1784 3677 seeuuddm
1806 3613 1895 3694 quid.

1094 3689 1258 3770 Contingit
1269 3691 1354 3753 enim
1369 3691 1402 3752 in
1419 3693 1530 3770 aliquo
1551 3691 1716 3754 individua
1729 3693 1895 3772 corrumpi

1094 3769 1226 3848 aliquod
1240 3769 1471 3848 principiorum
1485 3771 1681 3833 naturalium
1702 3771 1823 3849 speciei
1843 3791 1851 3831 ι
1866 3779 1897 3834 ει

1093 3849 1141 3910 sic
1156 3849 1185 3909 id
1199 3849 1286 3926 quod
1299 3853 1348 3911 est
1364 3854 1477 3912 contra
1498 3855 1649 3912 naturam
1666 3850 1806 3928 speciei,
1824 3849 1896 3914 lieri

1092 3945 1151 4005 per
1167 3928 1316 3990 accidens
1338 3929 1486 3991 naturale
1511 3928 1588 3994 huic
1610 3928 1794 4002 individuo,
1812 3930 1898 3992 sicut

1092 4024 1185 4084 aquae
1209 4006 1368 4069 calefacta
1395 4012 1444 4069 est
1476 4009 1623 4070 naturale
1649 4007 1734 4086 qubd
1768 4008 1896 4070 catela-

1092 4086 1895 4166 ciat:itaigiturcontingitquddidquadestcontra

1094 4169 1246 4226 naturam
1265 4165 1404 4226 bominis
1424 4166 1474 4227 vel
1490 4163 1697 4243 quantdmad
1715 4169 1893 4240 radonem,

1093 4243 1144 4304 vel
1157 4242 1317 4323 quantiam
1328 4244 1367 4307 ad
1381 4245 1525 4322 corporis
1536 4245 1828 4316 conservationem,
1839 4245 1895 4307 stat

1091 4319 1167 4383 huic
1190 4323 1314 4384 bomini
1349 4325 1560 4386 conuaturale
1591 4330 1723 4403 propter
1748 4325 1894 4403 aliquam

1092 4401 1334 4480 corruptionem
1349 4408 1472 4464 natura
1485 4401 1517 4463 in
1535 4403 1792 4465 coexistentem.
1813 4403 1893 4478 Qua

1091 4479 1221 4558 quidem
1243 4481 1407 4558 corruptio
1434 4485 1539 4560 potest
1562 4500 1634 4544 esse
1657 4482 1772 4543 velex
1798 4486 1892 4560 parte

1091 4559 1249 4637 corporis,
1271 4560 1354 4622 sicut
1372 4578 1414 4622 ex
1434 4560 1639 4640 egritudine,
1658 4561 1742 4622 sicut
1759 4559 1893 4623 lebrici·

1090 4637 1233 4700 tentibus
1259 4639 1366 4702 dulcia
1385 4639 1535 4700 videntur
1551 4655 1663 4702 amara
1678 4683 1687 4713 ‚
1705 4644 1737 4702 et
1764 4637 1783 4700 e
1805 4656 1892 4702 coa-

1092 4734 1197 4790 versa,
1218 4717 1287 4779 sive
1332 4721 1441 4796 repter
1465 4718 1583 4782 malam
1604 4719 1889 4797 complexionem,

1090 4796 1174 4858 sicut
1188 4797 1289 4875 aliqui
1303 4737 1504 4860 dpelectantur
1515 4797 1549 4857 in
1562 4797 1760 4860 comestione
1772 4801 1890 4866 urrae.

1090 4876 1142 4937 vel
1156 4877 1332 4937 cstrbonum
1344 4877 1394 4938 vel
1408 4876 1592 4954 aliquorum
1614 4873 1817 4958 hujusmodic
1840 4877 1890 4939 vel

1090 4954 1238 5017 etiamen
1254 4960 1344 5033 parte
1356 4956 1483 5024 animae,
1498 4955 1891 5034 sicutpropterconsuetu·

1089 5033 1303 5112 dinemaliqui
1319 5033 1518 5096 delectantur
1528 5035 1561 5096 in
1572 5033 1766 5096 comedendo
1780 5034 1890 5096 bomi-

1090 5113 1219 5186 nes,rel
1235 5113 1267 5172 tn
1284 5116 1370 5174 coitu
1384 5113 1570 5186 bestiarum,
1583 5117 1641 5176 aut
1655 5113 1889 5187 masculorum,

1089 5195 1147 5252 aut
1162 5191 1300 5254 aliorum
1313 5190 1508 5271 buJ'usmodi,
1521 5209 1595 5271 que
1607 5209 1673 5254 nan
1683 5196 1760 5254 sunt
1773 5209 1890 5256 secun·

1089 5267 1165 5332 eam
1180 5275 1331 5333 naturam
1346 5273 1535 5333 baritanam.

1128 5349 1170 5410 Ει
1180 5350 1310 5428 pertiae
1326 5351 1415 5430 patet
1425 5349 1596 5429 responsio
1606 5347 1796 5430 adobjecta.

965 5461 968 5470 ·
1090 5429 1272 5491 terremus
1292 5447 1363 5492 vrit.
1392 5461 1431 5474 —·
1458 5427 1573 5490 lltrdm
1593 5427 1757 5491 delectatio
1782 5427 1888 5510 poerit

1254 5525 1317 5570 ecre
1328 5506 1529 5570 delectationi
1541 5507 1716 5570 centraria.

1092 5623 1095 5628 ·
1128 5587 1176 5649 Ad
1191 5597 1343 5650 actarum
1356 5587 1402 5650 sic
1412 5587 1607 5666 proceditur.
1618 5587 1789 5649 l.Videtur
1800 5585 1887 5666 quiid

1088 5666 1291 5729 delectationi
1304 5684 1369 5729 non
1384 5666 1426 5728 sit
1437 5666 1606 5728 delectatio
1620 5667 1796 5729 contraria.
1809 5667 1886 5728 Pas·

1089 5745 1197 5809 siones
1220 5747 1307 5808 enim
1325 5745 1441 5809 animat
1463 5745 1603 5824 speeiem
1621 5751 1654 5808 et
1673 5747 1885 5809 contrariete·

1088 5831 1151 5886 ιειιι
1166 5825 1325 5904 recipiunt
1337 5823 1512 5888 secundum
1526 5825 1699 5896 obiectam.
1713 5823 1881 5904 Objertaur
