4006 6344
248 354 300 412 6115

249 473 334 535 citur
348 467 387 532 ad
403 480 546 530 amorem
562 459 614 524 sul
630 460 712 524 sicut
722 459 761 522 ad
771 477 916 536 eausam,
932 463 968 520 ut
977 459 1044 541 jam

183 547 187 554 ’
249 551 368 613 dictum
383 545 476 608 estin
491 559 579 622 corp.

715 339 848 400 suitilan
866 341 1093 398 trinitatatem
1114 339 1215 396 Pttlite
1237 339 1418 400 SECUNDAE.

1138 455 1264 519 Bonum
1278 461 1386 522 autem
1402 459 1572 540 dupliciter
1582 466 1631 525 est
1641 463 1807 545 oblectum
1823 483 1904 528 seii·

1098 535 1200 598 sibilis
1210 537 1496 619 appetitds,inquo
1505 543 1902 622 suntanimiepassioiies,

290 628 336 690 Ad
352 625 481 690 tertium
498 619 667 682 dicendum
681 618 768 700 qudd
791 618 910 700 aliquis
928 619 1046 682 dicitur
1098 621 1259 694 quaesunt
1272 634 1370 680 eausa
1384 620 1505 698 peccati
1521 638 1608 683 :uno
1621 623 1714 684 inodo
1729 625 1902 700 absolute,

249 725 360 778 amare
383 713 415 768 et
441 701 520 766 illud
544 701 666 761 bonnm
693 699 779 779 qnod
804 703 893 777 optat
914 699 986 768 sibi,
1004 704 1045 762 ‘ct

249 807 295 859 se,
312 787 363 848 eui
377 787 498 879 lienum
513 785 613 874 optat.
629 781 729 842 Amor
742 779 852 918 igitur,
868 776 1044 841 secuudum

248 866 334 947 qiidd
358 865 475 926 dicitur
499 878 568 938 eius
588 879 659 922 esse
686 875 753 936 quo
799 864 941 937 optatur,
967 857 1044 936 putd

248 945 334 1024 quiid
354 944 473 1022 aliquis
495 943 613 1006 dieitur
624 939 734 1002 amare
752 938 862 999 vinum
879 937 929 1000 vel
944 957 1046 1016 pecu-

248 1025 349 1098 niam,
360 1041 413 1086 res
436 1021 542 1103 icitll)
556 1029 615 1100 pro
626 1016 726 1082 causd
736 1017 893 1090 timorem,
905 1019 960 1096 qui
973 1037 1044 1096 per·

246 1103 329 1171 tinet
347 1103 386 1164 ad
412 1041 519 1240 aiam
540 1099 636 1170 matii
658 1115 753 1159 omne
772 1097 858 1186 enini
877 1102 1044 1189 peccatum

271 1182 398 1244 revenit
412 1199 450 1242 vc
486 1199 527 1242 cx
544 1177 727 1240 inordinato
744 1180 889 1254 appetitu
905 1176 1042 1256 alicuius

248 1200 338 1332 Aoni,
355 1261 407 1324 vel
432 1278 473 1321 ex
496 1255 680 1321 inordinati
703 1253 778 1334 lugd
798 1253 935 1334 alicujus
953 1257 1041 1316 mali.

185 1385 188 1394 ,
248 1338 307 1401 Sed
332 1342 506 1417 utrumque
521 1340 638 1398 liorum
661 1335 827 1402 reducitur
842 1333 881 1396 ad
900 1351 1043 1396 amorem

233 1417 319 1490 -sul;
337 1422 469 1498 propter
480 1417 540 1480 lioc
550 1417 635 1478 enini
646 1415 742 1477 lionio
753 1413 932 1492 velappetit
944 1414 1057 1487 liena,-

247 1498 298 1560 vel
316 1497 396 1578 sugit
411 1497 507 1570 mala,
521 1496 598 1575 quia
614 1497 700 1555 amat
716 1493 870 1570 seipsum.

287 1576 335 1639 Ad
359 1582 511 1655 quartum
538 1572 706 1636 dicendum
729 1571 814 1651 qudd
843 1570 966 1633 amiens
995 1577 1043 1634 cst

247 1656 341 1733 qnasi
353 1657 435 1718 alter
445 1655 523 1734 ipse,
536 1672 576 1716 ex
588 1652 691 1714 Ethic.
704 1652 735 1723 9,
746 1670 773 1712 1.
784 1648 819 1722 t;
831 1655 862 1712 et
874 1649 943 1710 ided
956 1651 1042 1728 qudd

127 1751 130 1760 ’
248 1737 401 1814 peccatur
414 1739 545 1814 propter
558 1748 702 1794 amorem
717 1729 823 1802 amici,
834 1729 961 1791 videtur
973 1747 1044 1810 pro-

247 1816 320 1892 pter
333 1831 478 1878 amorem
496 1811 546 1874 sul
564 1809 702 1890 peccari.

247 1935 428 1996 Annicoius
447 1951 477 1994 v.
499 1966 537 1978 -
557 1929 667 1994 Utrdni
688 1929 906 1991 convenienter
915 1947 1044 2006 periun-

187 2049 194 2064 ι
289 2007 1039 2089 tiirconsepeccotorumconcupiscentinenriiis,

288 2090 543 2170 concupiscentie
568 2088 730 2150 oculorum
745 2095 774 2147 et
794 2085 939 2164 superbio
958 2087 1030 2148 ei'tie

288 2169 422 2250 ·-(1iis.,
436 2178 542 2250 quest.
558 2166 627 2239 108,
642 2174 703 2226 nrt.
721 2166 751 2236 3,
766 2164 806 2226 od
818 2164 857 2238 li,
876 2173 904 2224 et
919 2165 949 2237 2,
965 2165 1039 2228 dict.

286 2245 458 2389 ffi’ssm
472 2248 504 2322 2,
515 2253 576 2308 nrt.
592 2246 621 2320 1,
633 2253 660 2305 et
673 2244 753 2306 Mat.
769 2243 918 2324 111118,
934 2253 996 2306 nrt.
1011 2245 1039 2320 1,

286 2426 333 2488 Ad
343 2427 493 2505 quintum
504 2426 550 2488 sic
560 2423 754 2503 proceditur.
768 2422 797 2482 1.
812 2421 1041 2500 videturquiid

245 2505 509 2568 inconvenienter
523 2510 687 2583 ponantur
710 2518 816 2565 causae
836 2509 1040 2579 poeoniorum

246 2602 317 2647 esse
348 2583 602 2664 concupiscentie
634 2581 761 2650 cornis,
788 2580 1041 2658 concupiscentia

247 2662 420 2732 oculorum,
441 2667 472 2726 et
493 2659 640 2742 iuperdic
661 2661 742 2727 citu,
761 2655 1040 2736 quia,'sccundiim

245 2741 447 2821 Apostolum,
476 2743 491 2803 1
520 2741 560 2803 ad
578 2740 731 2810 Timotli„
762 2738 835 2808 ult.,
859 2736 908 2810 10,
943 2735 1040 2798 radic

246 2821 384 2882 oninium
397 2821 550 2884 melorum
566 2825 609 2880 eit
623 2817 789 2897 cupiditas.
812 2815 871 2877 Sed
888 2815 1040 2894 superliia

244 2900 318 2962 vite
330 2903 391 2962 suli
405 2899 576 2994 cupiditate
589 2915 654 2959 non
663 2897 858 2972 continetur.
874 2895 959 2974 Ergo
973 2913 1039 2956 non

244 2978 337 3040 debet
353 2980 429 3057 poni
445 2983 528 3041 inter
544 2993 660 3042 causas
674 2978 889 3054 peccatorum.

283 3055 314 3117 2.
335 3059 509 3130 Prmtcrea,
533 3053 792 3134 coucupiscentia
805 3053 912 3115 earnis
927 3053 1041 3114 maxi-

244 3135 294 3198 md
308 3154 348 3198 ex
361 3139 485 3199 visione
499 3137 668 3198 oculorum
678 3135 848 3203 excitatur,
863 3128 1039 3193 seeunddm

244 3213 334 3277 illud.
349 3217 431 3278 Dan.
448 3215 498 3286 13,
523 3214 562 3274 56
585 3233 593 3274 c
618 3212 742 3291 Species
756 3209 875 3290 decepit
890 3217 929 3270 te.
953 3211 1038 3292 Ergo

245 3309 311 3356 non
344 3294 438 3357 debet
460 3293 557 3356 dividi
585 3290 846 3370 coucupiscentia
869 3287 1038 3350 oculorum

243 3376 357 3436 eontra
371 3371 664 3453 concupiscentiam
679 3369 797 3432 earnis.

283 3450 313 3512 3.
329 3453 486 3516 Praeterea
496 3491 507 3525 ,-
521 3447 782 3528 concupiscentia
796 3450 845 3509 est
857 3445 1038 3508 delectabi-

242 3528 282 3592 lis
296 3530 475 3610 appetitus,
497 3533 647 3608 utsupra
665 3527 811 3591 habiturn
830 3529 896 3599 est,
914 3542 970 3603 qu.
984 3525 1035 3600 30,

242 3613 305 3671 art.
331 3609 361 3670 A.
382 3609 618 3672 Delectationes
636 3611 745 3670 autem
764 3605 954 3684 contingunt
971 3622 1036 3666 non

243 3686 349 3751 solum
364 3685 540 3751 seeundiim
553 3688 668 3758 visum,
682 3685 737 3748 sed
751 3685 848 3748 etiam
860 3681 1036 3746 secundum

241 3767 323 3830 alios
338 3773 465 3831 sensus.
478 3768 563 3848 Ergo
575 3767 707 3829 deberet
718 3763 816 3827 ctiam
832 3763 909 3842 poni
921 3781 1037 3826 concu-

240 3846 396 3926 piscentie
408 3845 535 3910 auditis
548 3850 579 3908 et
593 3845 731 3909 alioruin
749 3861 915 3906 sensuum.

281 3924 312 3985 l.
334 3926 507 3997 Praeterea‚
523 3926 606 3988 sieut
620 3925 716 3986 lioino
732 3921 895 3984 inducitur
909 3921 947 3984 ad
963 3939 1037 4002 pec·

241 4003 380 4066 eandum
400 4023 441 4068 ex
462 4001 645 4066 inordinata
664 3999 925 4082 concupiscentii
946 4001 1035 4076 honi,

241 4082 287 4144 ita
300 4083 395 4145 etiam
413 4101 455 4145 ex
469 4082 654 4145 inordinati
669 4078 746 4162 lugd
759 4079 847 4152 mali,
863 4084 900 4141 ut
916 4077 1036 4142 dietum

243 4165 292 4223 est
309 4167 370 4223 art.
391 4179 500 4254 prino,
515 4162 554 4224 ad
569 4161 598 4221 3.
619 4159 680 4222 Sed
696 4159 776 4220 nihil
796 4159 849 4222 lile
862 4175 1038 4220 enumera-

242 4244 297 4300 tur
319 4244 482 4318 pertinens
505 4241 545 4302 ad
564 4239 671 4318 lugam
688 4237 780 4299 mali.
804 4238 890 4317 Ergo
907 4235 1037 4298 insulti-

242 4317 366 4381 cienter
378 4333 485 4381 causis
496 4322 701 4398 peecatorum
714 4319 903 4396 tanguntur.

283 4397 343 4460 Sed
360 4401 473 4461 eontra
491 4396 639 4475 estquod
653 4394 769 4457 dieitur
784 4395 907 4455 1toan.
922 4393 954 4466 2,
972 4394 1010 4454 16
1026 4413 1034 4454 t

244 4475 341 4538 Omne
354 4475 439 4558 qued
452 4485 496 4538 est
508 4477 543 4540 i'n
554 4473 803 4542 mandentium
818 4471 1038 4552 concupiscen-

244 4555 290 4618 ti'n
315 4555 438 4624 cornis,
457 4565 511 4617 cut
534 4564 578 4615 eet
593 4551 847 4632 concupiscentie
861 4549 1035 4620 ocitomm,

242 4643 298 4698 citt
309 4634 456 4716 superbio
467 4635 540 4698 cite
554 4631 610 4715 (2).
625 4634 662 4695 ln
673 4631 792 4694 mundo
805 4635 911 4694 autern
921 4630 1038 4693 dieitur

242 4713 364 4793 aliquid
384 4733 455 4777 esse
475 4720 606 4794 propter
620 4716 805 4792 peceatum3
830 4710 960 4771 undeet
979 4709 1038 4770 ilii-

243 4792 314 4855 dem
335 4793 451 4857 dieitur
494 4792 558 4855 udd
583 4800 667 4852 totus
689 4789 824 4851 mundus
842 4790 877 4849 iii
899 4787 1036 4867 nioli'qno

242 4811 551 4953 111111111111111
575 4869 725 4950 predicta
748 4867 811 4930 tria
836 4873 912 4930 sunt
931 4883 1038 4929 causo

244 4956 461 5029 peecatorum.

285 5029 474 5108 despondeo
493 5027 662 5091 dicendum
682 5025 780 5105 qudd,
802 5030 884 5087 sicut
897 5022 964 5104 jam
983 5021 1039 5087 di·-

246 5112 333 5170 ctum
354 5114 417 5182 est,
440 5111 502 5170 art.
524 5124 639 5186 pree,
657 5104 859 5167 inordinatus
877 5121 970 5166 amor
986 5103 1036 5166 sul

246 5191 296 5248 est
308 5183 407 5250 eausa
421 5185 527 5248 omnis
540 5185 674 5264 peccati.
690 5185 727 5245 lu
744 5200 855 5246 amore
867 5187 974 5244 autem
986 5182 1037 5244 sul

246 5265 421 5328 includitur
436 5265 637 5327 inordinatus
652 5261 812 5343 appetitus
828 5261 922 5334 boni;
937 5278 1039 5325 unus·

270 5345 386 5424 uisque
400 5344 485 5408 enim
500 5343 621 5423 appeti.
638 5344 761 5405 lienum
779 5340 808 5404 ei
825 5359 922 5420 quem
939 5343 1036 5403 amat.

245 5363 551 5488 godemanilestum
563 5421 708 5501 estquod
723 5420 924 5484 inordinatus
940 5437 1039 5502 appe·

246 5503 323 5566 litus
335 5504 411 5568 boni
428 5508 587 5568 esteause
601 5501 706 5563 omnis
718 5499 852 5580 peccati.
877 5582 879 5586 Ι

283 5642 314 5786 11
344 5644 470 5785 1111111111
471 5653 705 5784 &documenta
715 5709 799 5766 carnii
819 5717 865 5780 eit,
880 5717 903 5767 et
921 5709 1039 5782 centifi-

250 5784 347 5840 itniitn
369 5783 548 5854 castoriensi
568 5781 770 5852 1111111111.

1098 695 1275 758 secundnm
1285 696 1370 774 qudd
1380 701 1428 760 est
1440 697 1599 779 objectum
1613 702 1902 780 concupiscibilis;

1098 773 1162 836 alio
1180 775 1274 836 modo
1289 777 1350 837 sub
1365 777 1491 839 ratione
1505 779 1611 854 ardui,
1626 786 1722 860 prout
1734 785 1786 844 est
1802 781 1905 861 obic-

1098 857 1183 914 11111
1198 854 1385 928 irascibilis,
1399 861 1436 918 ut
1447 875 1483 918 su
1526 875 1544 920 a
1557 859 1676 921 dictum
1690 865 1757 932 est,
1773 867 1900 940 quaest.

1096 930 1152 1005 13,
1166 937 1227 995 art.
1244 933 1273 993 1.
1287 933 1343 995 Ε11
1355 939 1464 997 autem
1497 938 1599 1015 uplex
1611 939 1903 1017 eoncupiscentia,

1098 1011 1182 1073 sicut
1200 1029 1238 1072 su
1262 1029 1299 1075 ra
1316 1011 1460 1075 habitum
1475 1021 1535 1089 est,
1560 1021 1673 1096 quaest.
1689 1017 1739 1091 30,
1762 1021 1835 1081 art.
1858 1017 1902 1079 3:

1088 1105 1162 1152 ,una
1173 1092 1228 1170 qui
1249 1109 1301 1153 ‘cni
1315 1093 1484 1166 naturalis,
1495 1113 1568 1174 quae
1582 1101 1631 1158 est
1642 1115 1755 1158 eorum
1771 1097 1904 1177 quilius

1097 1173 1214 1232 natura
1233 1172 1377 1248 eorporis
1402 1177 1619 1247 sustentatur,
1641 1175 1708 1237 sive
1728 1172 1904 1254 qnantum

1097 1246 1136 1308 16
1157 1251 1435 1311 conservationem
1455 1252 1630 1326 individui,
1649 1254 1732 1316 sicut
1751 1255 1858 1316 cibus
1872 1259 1905 1316 et

1096 1330 1208 1404 potus,
1228 1332 1260 1390 et
1282 1329 1346 1391 alia
1368 1330 1569 1410 hujusmodi,
1588 1333 1655 1396 sive
1671 1331 1845 1410 quantum
1863 1333 1905 1395 16

1096 1408 1374 1469 conservationem
1399 1409 1535 1488 speciei,
1558 1411 1640 1473 sicut
1663 1413 1699 1472 in
1719 1411 1903 1486 venereis3

1096 1487 1128 1544 et
1146 1484 1480 1580 horuminordinatus
1496 1491 1655 1569 appetitus
1674 1490 1796 1553 dicitur
1818 1508 1894 1553 non

1096 1573 1289 1706 cugiigeztg?
1303 1583 1565 1724 {muscentii
1586 1647 1755 1722 aninialis,
1776 1665 1906 1712 eornm

1095 1721 1216 1783 scilicet
1235 1739 1307 1802 quie
1328 1741 1386 1801 per
1404 1742 1535 1786 sensum
1547 1725 1654 1788 earnis
1672 1729 1904 1789 sustentatio-

1095 1815 1168 1860 nem
1196 1805 1253 1862 aut
1280 1802 1521 1864 delectationem
1553 1821 1617 1864 noo
1645 1804 1812 1878 aliernnt,
1847 1806 1906 1868 sed

1095 1880 1171 1970 suut
1187 1879 1385 1943 delectabilia
1401 1880 1576 1944 seeundum
1595 1899 1614 1944 a
1639 1883 1906 1961 prehensionem

1095 1957 1352 2050 imaginationis,
1373 1965 1431 2022 aut
1455 1961 1591 2041 alicujus
1616 1902 1808 2041 Kujusniodi
1840 1979 1906 2024 ac-

1095 2039 1250 2114 ceptionis
1279 2039 1336 2122 (1),
1360 2039 1443 2100 sicut
1466 2045 1542 2102 sunt
1570 2043 1726 2132 pecunia,
1749 2047 1903 2105 ornatus

1097 2117 1253 2191 vestium,
1271 2121 1304 2180 et
1316 2119 1381 2180 alia
1394 2118 1598 2198 hujusmod13
1617 2123 1648 2180 ct
1667 2120 1735 2181 liaec
1757 2121 1905 2198 quidem

1094 2193 1243 2257 animalis
1253 2197 1512 2274 eoncupiscentia
1522 2203 1656 2261 vocatur
1666 2199 1906 2278 concupiscen-

1096 2271 1613 2356 1111111111111111111111131111
1625 2278 1905 2356 concupiscentia

1094 2352 1278 2426 oculorum,
1292 2353 1322 2416 16
1338 2359 1398 2428 111,
1413 2356 1513 2433 ipsius
1526 2357 1676 2428 visionis,
1688 2373 1764 2434 qnae
1779 2356 1825 2417 ni
1843 2375 1907 2436 pei·

1094 2431 1221 2504 oculos,
1237 2437 1272 2493 ul
1289 2432 1448 2494 referatur
1462 2434 1500 2496 ad
1516 2435 1752 2504 curiositatem,
1768 2453 1906 2498 seeun-

1093 2506 1169 2568 diim
1186 2511 1271 2588 qudd
1289 2511 1488 2591 Augustinus
1504 2513 1637 2592 exponit
1657 2515 1689 2574 in
1713 2514 1755 2573 10
1775 2512 1906 2585 Confi,

1093 2602 1165 2665 cap.
1187 2589 1244 2661 35,
1260 2587 1375 2669 partim
1398 2589 1418 2655 d
1444 2593 1566 2669 prino,
1582 2593 1650 2654 sive
1670 2590 1848 2654 reici-atur
1862 2593 1905 2656 ad

1094 2669 1385 2747 concupiscentiam
1399 2688 1519 2743 rerum,
1535 2689 1608 2749 quaa
1622 2667 1767 2732 exterids
1783 2672 1905 2735 oeulis

1093 2753 1337 2824 proponuntur,
1360 2753 1396 2809 ut
1417 2748 1576 2810 releratur
1597 2749 1636 2810 ad
1657 2748 1907 2828 cupiditatem,

1093 2825 1269 2887 secundnm
1284 2825 1369 2905 quod
1382 2829 1423 2888 ali
1441 2828 1512 2889 aliis
1532 2829 1715 2906 exponitur.

1133 2903 1298 2982 Appetilus
1333 2911 1439 2968 autem
1460 2906 1662 2968 inordinatus
1684 2905 1762 2967 boni
1795 2907 1905 2969 ardui

1092 2983 1229 3060 pertinet
1243 2984 1283 3045 16
1295 2983 1469 3063 superbiam
1480 2987 1551 3047 vitia
1559 3005 1569 3053 ,·
1582 3002 1658 3046 nam
1668 2985 1837 3062 soperbia
1852 2993 1906 3048 est

1092 3062 1251 3154 appetitus
1266 3063 1467 3126 inordinatus
1483 3064 1691 3135 excellentiae,
1702 3067 1738 3123 ut
1748 3061 1905 3127 int'erii'is

1091 3137 1225 3280 ffietinr,
1240 3146 1353 3220 quaest.
1365 3141 1416 3216 8t,
1433 3147 1494 3204 art.
1508 3143 1539 3218 2,
1550 3145 1582 3204 ct
1592 3142 1665 3216 1-1,
1680 3145 1802 3220 quaest.
1825 3143 1906 3218 162,

1130 3298 1169 3360 Et
1184 3298 1230 3360 sie
1252 3302 1340 3377 patet
1354 3298 1440 3378 qndd
1457 3299 1497 3361 ad
1512 3301 1573 3362 1111
1588 3301 1652 3363 tria
1671 3297 1785 3360 reduci
1810 3317 1905 3380 pos-

1091 3382 1167 3438 sunt
1180 3394 1291 3440 omnes
1311 3379 1479 3456 passiones
1500 3395 1574 3458 quio
1594 3383 1670 3441 sunt
1686 3393 1791 3440 cansa
1817 3397 1906 3458 pcc-

1090 3455 1152 3518 cati
1169 3476 1176 3516 :
1196 3473 1271 3518 nain
1291 3456 1410 3519 adduc
1428 3457 1534 3535 prima
1554 3457 1756 3519 reducuntur
1772 3473 1903 3520 omnes

1089 3535 1258 3613 passiones
1275 3535 1548 3615 concupiscibilis3
1569 3536 1609 3598 ad
1630 3535 1761 3599 tertium
1777 3541 1905 3599 antem

1090 3613 1904 3694 omnespassionesirascibilis;quodidcdnondi·

1090 3691 1208 3754 viditur
1218 3695 1250 3754 in
1261 3693 1336 3766 duo,
1348 3695 1424 3772 quia
1435 3711 1546 3756 omncs
1557 3695 1723 3772 passiones
1738 3693 1903 3756 irascibi-

1089 3770 1129 3832 lis
1142 3770 1183 3852 (2)
1194 3771 1436 3836 conlormantur
1445 3773 1710 3851 concupiscentie
1719 3772 1884 3834 animali.

1129 3851 1177 3911 Ad
1197 3851 1337 3929 primum
1358 3869 1435 3932 ergo
1458 3851 1627 3913 dicendum
1655 3850 1903 3929 111611111-

1089 3925 1165 3990 otim
1190 3929 1276 4010 quod
1296 3930 1451 4008 cupiditas
1474 3931 1628 4026 importat
1653 3930 1903 3997 universaliter

1089 4009 1264 4087 appetitum
1275 4008 1445 4089 cujuslibet
1458 4011 1554 4082 lioni,
1570 4011 1616 4072 sic
1628 4009 1724 4071 etiam
1736 4027 1776 4068 sii
1804 4009 1903 4072 erdi'o

1088 4087 1160 4150 vite
1171 4089 1354 4150 continetur
1368 4090 1428 4150 suli
1442 4088 1626 4167 cupiditate.
1640 4089 1745 4162 Quom
1791 4087 1817 4149 ὸ
1831 4105 1903 4151 au-

1089 4169 1152 4228 lem
1167 4166 1337 4244 cupiditas,
1348 4164 1523 4229 secundum
1535 4167 1621 4244 qudd
1631 4171 1679 4228 est
1687 4165 1838 4244 speciale
1850 4169 1903 4229 vi-

1089 4244 1182 4316 tium,
1200 4245 1284 4323 quod
1298 4245 1434 4309 avaritia
1443 4247 1640 4318 nominatur,
1653 4246 1694 4306 sit
1705 4246 1804 4306 radix
1823 4263 1901 4306 om-

1089 4323 1181 4463 niilin}
1196 4328 1419 4401 peccatorum,
1434 4324 1520 4386 inira
1534 4325 1675 4398 dicetur,
1691 4330 1813 4402 quaest.
1830 4323 1900 4401 81,

1089 4417 1151 4464 ar.
1189 4445 1196 4461 .

1130 4480 1176 4540 Ad
1188 4482 1364 4544 seeundum
1379 4481 1547 4542 dicendum
1558 4480 1642 4560 quod
1655 4482 1903 4560 eonciipi'scen-

1091 4557 1138 4620 tin
1160 4559 1323 4621 oculorum
1343 4577 1407 4621 noo
1423 4560 1539 4621 dicitur
1556 4560 1607 4621 liic
1622 4561 1902 4637 eoncupiscentia

1090 4638 1235 4698 omniurn
1257 4655 1460 4718 rerumquae
1481 4639 1581 4699 videri
1603 4639 1705 4700 oculis
1730 4645 1901 4716 possunt,

1091 4716 1147 4777 sed
1169 4714 1274 4779 soldm
1294 4735 1407 4779 earnm
1428 4719 1462 4778 in
1486 4717 1605 4794 quibus
1634 4733 1701 4778 non
1727 4719 1903 4794 quescitur

1090 4794 1257 4858 delectatio
1272 4798 1378 4858 carnis
1394 4813 1466 4888 qum
1486 4802 1535 4858 est
1555 4793 1731 4858 secundum
1746 4799 1900 4867 tactum,

1091 4874 1145 4936 sed
1153 4873 1256 4936 solum
1263 4873 1430 4968 delectatio
1436 4875 1533 4966 oculi,
1546 4875 1574 4934 id
1584 4881 1643 4948 111,
1651 4873 1903 4953 cuiuscumque.

1090 4954 1339 5124 apffiehtzsstsiluvi}
1352 4959 1523 5094 1111111111
1545 5030 1631 5109 qudd
1656 5047 1775 5093 sensus
1797 5030 1904 5092 visvis

1091 5114 1140 5172 est
1154 5110 1365 5173 excellentior
1378 5111 1462 5172 inter
1478 5127 1589 5171 ornnes
1603 5110 1684 5172 alios
1702 5126 1821 5171 sensus
1835 5154 1845 5180 ‚
1865 5116 1901 5173 11

1091 5189 1131 5253 ad
1144 5190 1239 5267 plura
1249 5208 1283 5252 se
1294 5189 1649 5262 extendens,utdicitur
1659 5187 1694 5248 in
1704 5188 1719 5248 1
1728 5189 1899 5266 Metapli„

1091 5266 1125 5329 in
1142 5267 1245 5346 princ.
1259 5312 1267 5342 ,
1283 5271 1315 5330 et
1333 5267 1403 5332 ided
1420 5285 1536 5328 nomen
1552 5267 1621 5346 eius
1637 5266 1839 5328 transfertur
1853 5266 1901 5328 acl

1092 5363 1203 5408 omnes
1220 5347 1301 5409 alios
1319 5364 1434 5410 sensus
1445 5391 1453 5420 ,
1465 5350 1497 5409 et
1510 5346 1606 5409 etiam
1621 5346 1662 5408 16
1674 5361 1788 5406 omncs
1800 5345 1903 5405 inte-

1091 5424 1194 5489 riores
1222 5425 1514 5506 apprehensiones,
1536 5429 1573 5486 ut
1595 5426 1732 5506 August.
1753 5421 1833 5485 dicit
1860 5423 1903 5484 iii

1112 5565 1168 5651 Ι(1)
1187 5567 1346 5624 iniisset
1363 5565 1485 5636 exempla
1510 5565 1635 5636 plurima.
1655 5565 1710 5631 Al.,
1732 5562 1900 5632 acceptorio·

1092 5653 1168 5780 mli)
1186 5707 1222 5763 lta
1243 5721 1303 5763 cuni
1323 5705 1401 5764 codd.
1430 5704 1522 5762 Alcen.
1553 5713 1580 5760 ct
1605 5703 1711 5758 Cainei.
1740 5701 1899 5760 Nicoloiue.

1094 5777 1165 5834 Edit.
1186 5777 1263 5833 lioin.
1290 5786 1317 5832 et
1337 5777 1426 5833 Pitav.
1446 5775 1545 5832 addunt
1571 5773 1624 5841 liic,
1636 5773 1793 5830 nominata.
