4038 6350
142 363 199 430 955
603 355 738 424 QUAEST.
757 353 848 411 cxlll.
869 351 914 410 DE
933 351 1143 410 bertelinus
1161 353 1310 413 GRdTlAE.
1716 353 1768 414 de

143 479 279 548 tionem,
294 474 357 538 nisi
375 490 472 552 quam
497 473 565 552 ipse
586 471 670 534 iacit.
696 469 786 532 Facit
811 465 933 547 buius·
985 467 1061 532 dare
1082 469 1230 534 ultimum
1249 470 1393 544 instans,
1414 469 1448 532 in
1468 488 1534 549 qun
1556 470 1658 542 ini-ina
1681 473 1769 552 prior

144 557 233 620 modi
254 553 498 633 dispositionem
524 549 734 616 sufficientem
755 547 795 610 ad
825 565 933 608 susce·
985 547 1128 627 subjecto
1141 549 1241 622 inest;
1256 554 1304 611 est
1317 555 1424 612 antem
1437 548 1514 612 dare
1526 549 1676 612 ultimum
1691 557 1769 614 tein-

144 637 290 718 ptionem
312 633 422 714 gratio
447 631 641 709 quandoque
662 627 792 705 quidem
814 623 932 698 subitd,
985 644 1045 704 pus
1065 630 1096 688 et
1115 629 1252 706 primum
1267 628 1390 690 instans
1407 629 1519 706 inquo
1535 627 1637 690 iorma
1654 630 1769 690 subse*

145 713 343 794 quandoque
356 715 465 772 autem
477 708 632 789 paulatim
646 711 678 768 et
692 701 883 774 successive,
897 705 935 764 ut
986 723 1089 782 quens
1102 704 1186 768 inest
1196 708 1354 782 materiae,
1371 707 1422 769 rel
1435 707 1590 786 subjecto.
1605 707 1703 782 Cujus
1717 725 1769 768 ra·

145 809 248 872 supra
272 791 390 855 dictum
413 791 473 862 cst,
495 795 609 865 quest,
622 785 691 858 112,
712 789 773 846 art.
792 783 824 854 2,
842 781 881 846 ad
901 781 932 842 2.
986 785 1031 844 llo
1054 787 1119 858 εει,
1138 785 1216 862 quia
1239 785 1434 864 intempore
1458 803 1524 848 non
1545 789 1649 866 potest
1668 785 1768 864 accipi

147 871 239 952 Quod
253 870 339 932 enim
356 885 455 947 agens
470 865 617 939 naturale
631 880 697 925 non
712 861 817 925 subitb
833 859 936 940 possit
986 869 1062 924 unte
1080 880 1183 924 uuum
1198 863 1322 926 instans
1344 864 1431 926 aliud
1449 863 1572 927 instans
1587 863 1769 944 procedens

145 951 318 1030 disponere
338 945 524 1015 materiam,
545 941 699 1021 contingit
713 959 755 1002 cr
773 941 835 1002 hoc
848 937 935 1017 qudd
987 940 1188 1016 immediatd,
1214 941 1253 1004 ed
1279 942 1366 1021 qubd
1387 944 1542 1006 instanlia
1562 961 1629 1006 non
1653 961 1770 1005 conse„

147 1033 198 1100 est
209 1029 318 1105 eliqua
353 1025 495 1103 roportio
507 1021 549 1104 (1)
566 1021 635 1102 ejus
654 1019 740 1098 quod
754 1019 788 1080 in
801 1013 936 1080 materid
987 1024 1167 1097 quenterse
1180 1020 1299 1084 babent
1310 1021 1506 1102 intempore,
1519 1022 1602 1084 sicut
1615 1038 1674 1086 nec
1688 1039 1771 1100 puna

141 1107 318 1180 ‘rosindus
353 1101 503 1165 virtutem
516 1100 639 1180 agentis
652 1119 661 1171 ;
676 1104 707 1162 et
723 1101 853 1190 propter
873 1097 935 1158 boc
986 1103 1038 1166 cta
1051 1099 1085 1161 in
1099 1098 1196 1176 linei,
1214 1103 1250 1161 ut
1263 1101 1418 1182 probatur
1431 1101 1496 1163 ind
1512 1100 1651 1182 Physic,
1661 1104 1739 1162 tert.
1752 1101 1768 1161 1

146 1185 292 1248 videmus
316 1181 401 1262 qudd
425 1180 547 1259 quaiitb
567 1179 669 1242 uirtus
689 1179 814 1258 agentis
840 1173 936 1236 luerit
987 1180 1018 1238 et
1039 1195 1121 1257 seq„
1141 1177 1195 1240 sed
1216 1183 1341 1258 tempus
1359 1171 1550 1241 terminatur
1572 1179 1612 1241 ad
1632 1179 1768 1240 instans.

147 1264 273 1337 tortior,
289 1259 524 1324 tantoniateria
540 1253 633 1322 citius
650 1249 933 1335 desponsandum
986 1255 1026 1317 Et
1044 1255 1114 1319 ideo
1126 1257 1160 1318 in
1173 1261 1239 1318 toto
1253 1263 1395 1336 ternpore
1430 1258 1614 1331 recedenti,
1633 1274 1698 1336 quo
1713 1257 1769 1318 ali-

146 1344 246 1422 igitur
257 1341 359 1410 virtus
372 1337 480 1418 divina
494 1339 536 1400 sit
549 1335 689 1407 infinita,
704 1335 810 1428 polest
823 1349 937 1412 quamv
988 1333 1065 1413 quid
1076 1339 1224 1398 movetur
1239 1336 1278 1398 ud
1290 1353 1389 1398 unam
1405 1276 1558 1412 armam,
1577 1338 1689 1399 subest
1707 1334 1771 1396 ior-.

147 1412 938 1572 lllllld³tll³lltl³lul¹¹llllulllll
988 1431 1051 1554 tl
1075 1415 1251 1556 iiiiii
1264 1413 1369 1556 itl·
1382 1416 1503 1556 ”llll
1521 1412 1770 1556 {2⁵²³”‘³.¹¹¹³i⁸

147 1579 246 1640 trium
265 1542 423 1650 bomi'nis,
438 1573 530 1635 cu'us
544 1577 650 1634 motus
672 1573 862 1650 potestesse
877 1567 937 1660 iii-
988 1509 1152 1648 pemggsssss
1165 1511 1271 1640 1liabet
1289 1512 1434 1647 soffia,
1458 1513 1530 1652 (ἴυζε
1548 1511 1770 1634 elsststfflmfigilg

148 1661 336 1730 stantaneus
348 1653 524 1716 secundum
539 1655 700 1716 naturam.
714 1647 764 1710 Sic
776 1648 938 1730 igiturJu·
988 1647 1105 1721 motuis.
1126 1649 1187 1722 Sed
1207 1651 1240 1712 in
1259 1651 1309 1713 bis
1331 1669 1403 1730 qum
1425 1656 1500 1722 sunt
1517 1667 1616 1731 supra
1631 1656 1770 1732 tempus,

148 1735 295 1800 stilicatio
308 1733 395 1812 inipii
408 1729 472 1794 lita
485 1732 551 1792 Deo
561 1731 595 1791 in
609 1727 752 1790 instanti.
988 1727 1082 1790 aliter
1094 1748 1129 1792 so
1143 1729 1249 1800 babet.
1265 1729 1296 1802 Si
1334 1746 1376 1791 ua
1392 1731 1477 1791 enirn
1491 1729 1652 1802 successio
1669 1728 1710 1790 sit
1726 1727 1771 1796 ibi

190 1813 237 1874 ild
260 1813 400 1892 primum
424 1827 501 1872 cro
528 1800 697 1900 di'cenduui
720 1801 813 1898 quud·
830 1812 936 1866 motus
989 1806 1160 1871 allectuum
1174 1809 1226 1870 vel
1245 1749 1508 1872 intefleciuauum
1525 1808 1770 1887 conceptionum

147 1891 240 1954 liberi
263 1891 406 1963 arbitrii,
427 1905 484 1968 qui
501 1892 664 1951 concurrit
681 1884 721 1948 ad
737 1881 938 1965 iustificatio-
991 1884 1091 1966 (puta
1110 1889 1144 1948 ln
1162 1887 1324 1968 Angelis),
1341 1887 1414 1950 talis
1429 1888 1590 1952 successio
1603 1904 1669 1954 rion
1683 1904 1772 1949 inen-

148 1989 224 2052 uem
249 1969 356 2048 impii,
380 1973 428 2030 est
453 1983 629 2030 consensus
653 1964 693 2026 ad
716 1960 936 2024 detestandum
989 1971 1121 2027 sui-atur
1139 1970 1282 2046 tempore
1300 1966 1464 2038 continuo,
1482 1967 1536 2030 sed
1551 1970 1694 2044 tempore
1708 1965 1772 2026 diss

147 2052 379 2128 peccatum,et
393 2046 432 2108 ad
453 2045 666 2108 accedendum
682 2040 721 2104 ad
740 2043 859 2114 Deuml
880 2040 937 2118 qui
989 2047 1094 2117 crct03
1114 2045 1197 2107 sicul
1216 2051 1248 2107 et
1268 2045 1338 2124 ipsa
1379 2062 1429 2108 uec
1449 2051 1771 2118 mensurantur,non

148 2128 278 2206 quidem
290 2143 463 2188 consensus
477 2123 583 2186 subito
598 2122 643 2184 ut.
656 2121 770 2183 Contln
795 2119 818 2178 it
829 2123 938 2180 autem
989 2123 1356 2200 suntcontinua,utin1
1391 2125 1511 2186 abitum
1527 2127 1586 2199 εει,
1596 2126 1708 2201 quaest.
1719 2119 1770 2196 53,

148 2207 345 2284 quandoque
357 2205 441 2283 qudd
455 2201 605 2294 precedit
617 2139 936 2294 aliquadefiboratio,
988 2207 1050 2264 art.
1068 2203 1088 2262 2
1104 2206 1135 2264 el
1152 2203 1182 2262 3.
1198 2203 1285 2266 Unde
1299 2203 1334 2264 iu
1348 2202 1465 2264 talibus
1481 2205 1530 2265 est
1543 2201 1682 2264 dandum
1696 2200 1772 2260 ulti·

148 2303 223 2362 quai
238 2301 302 2345 non
317 2287 365 2343 est
379 2283 417 2345 de
430 2279 610 2344 substantia
617 2277 867 2359 justificationis,
883 2275 938 2338 sed
989 2299 1076 2342 mum
1092 2281 1227 2354 instans,
1238 2281 1348 2360 inquo
1359 2277 1498 2358 primum
1509 2281 1578 2353 luit,
1591 2279 1772 2358 etprimum

149 2363 249 2426 visin
259 2360 636 2443 justificationem3sicut
650 2359 754 2418 motus
768 2354 880 2416 localis
890 2358 940 2416 εει
989 2357 1131 2432 instans,
1153 2360 1187 2420 in
1210 2377 1276 2439 quo
1299 2359 1398 2424 estid
1420 2358 1681 2496 guodsequitur.
1708 2357 1773 2418 Nec

148 2443 202 2504 via
216 2443 257 2504 ad
273 2440 557 2514 illuminationem,
573 2443 604 2500 et
618 2436 764 2502 alteratio
783 2433 823 2498 ad
838 2451 939 2513 gene·
989 2442 1115 2516 oportet
1131 2456 1202 2500 esse
1222 2441 1346 2518 tempus
1369 2456 1420 2500 me
1442 2439 1521 2512 ium,
1535 2437 1614 2516 quia
1635 2453 1700 2496 non
1724 2440 1773 2496 est
1897 2439 1904 2448 “

148 2521 320 2604 rationem.
795 2590 801 2605 .
875 2590 881 2604 ι
989 2515 1033 2578 ibi
1052 2517 1246 2580 continuitas
1269 2516 1433 2598 temporis,
1449 2535 1521 2596 quae
1544 2517 1606 2578 boc
1628 2513 1773 2592 require·

190 2599 238 2660 Ad
263 2598 438 2662 secuudum
458 2596 625 2658 dicendum
648 2593 755 2673 quod,
776 2593 859 2654 sicut
873 2589 936 2651 in1
990 2594 1114 2677 baill).
1133 2597 1223 2660 Mens
1242 2601 1350 2659 autem
1367 2597 1519 2670 humana,
1534 2612 1607 2674 quse
1618 2591 1773 2674 justifica-¹

147 2677 269 2739 «lictum
284 2681 350 2750 εει,
365 2681 479 2755 quaest.
493 2675 552 2749 85,
569 2678 630 2738 art.
645 2673 682 2748 b,
695 2671 776 2734 nibil
787 2670 939 2766 prohibet
990 2677 1054 2750 tur,
1070 2671 1245 2738 secundum
1265 2693 1300 2736 sc
1318 2675 1447 2754 quidem
1461 2679 1509 2736 est
1523 2690 1621 2753 supra
1633 2677 1773 2750 tempus,

147 2757 214 2817 duo
236 2757 333 2819 simul
354 2755 455 2816 intelli
479 2772 532 2816 erc
552 2759 643 2827 actu,
661 2750 837 2813 secundum
851 2745 938 2825 quod
989 2753 1045 2814 sed
1060 2771 1117 2832 per
1129 2753 1275 2816 accidens
1290 2753 1436 2815 subditur
1449 2752 1596 2832 tempori,
1614 2751 1646 2812 in
1666 2763 1773 2829 quaii-¹

149 2841 228 2898 sunt
242 2773 478 2914 litwdttmmodg
490 2851 604 2904 unum.
618 2832 701 2893 Sicut
712 2827 808 2891 simul
822 2827 939 2889 intelli·
990 2837 1057 2892 tum
1078 2833 1200 2895 scilicet
1218 2833 1367 2912 intelligit
1383 2849 1455 2894 cum
1472 2833 1628 2904 continua
1645 2833 1677 2890 et
1695 2832 1773 2894 teru-

150 2915 256 3008 giujus
272 2913 493 3006 subjecturus!
503 2908 766 3002 prodicalllmgin
780 2909 938 2998 quantum
989 2929 1067 2989 porc
1084 2910 1258 2974 secundum
1274 2913 1509 2990 phantasmata,
1520 2911 1553 2971 in
1568 2909 1685 3000 quibus
1698 2925 1774 2986 spe-2

149 2998 309 3054 uniuntur
331 3011 364 3052 in
388 2992 498 3052 ordine
523 2991 743 3052 affirmationis
764 3002 873 3046 unlus.
899 2984 939 3044 Ει
989 2989 1054 3051 εἰεε
1077 2989 1178 3052 intelli
1202 2991 1292 3052 ibiles
1313 2989 1505 3062 considerat,
1523 2993 1559 3050 ut
1578 2987 1637 3048 inl
1655 2987 1773 3054 dictuui

150 3090 209 3150 per
222 3071 368 3134 eumdem
382 3071 511 3130 modum
532 3069 669 3130 liberum
691 3063 860 3157 arbltpium
881 3079 939 3141 po-
989 3077 1048 3139 εει,
1058 3009 1201 3146 quest}

149 3155 213 3211 test
235 3151 268 3210 in
291 3149 355 3210 duo
379 3149 475 3210 simul
496 3146 618 3209 moveri
632 3189 640 3211 .
655 3143 829 3206 seeundum
851 3141 938 3233 dudd
989 3152 1037 3207 est
1057 3144 1232 3210 secundum
1246 3147 1307 3210 boe
1321 3147 1359 3209 de
1377 3145 1446 3226 ejus
1464 3149 1641 3208 mutatione
1659 3161 1773 3206 scenn-

150 3247 254 3290 unum
264 3229 434 3289 ordinatur
445 3228 478 3288 iri
492 3225 590 3288 aliud.
606 3224 712 3288 Motus
723 3225 830 3290 autem
845 3221 936 3280 libem
988 3224 1064 3286 dum
1088 3226 1301 3288 conditionem
1327 3231 1472 3287 motuum
1485 3223 1722 3302 temporalium,
1732 3225 1775 3282 ut

149 3307 276 3370 arbitrii
293 3307 326 3368 in
341 3310 507 3386 peccatum
523 3302 690 3366 ordinatur
703 3300 743 3362 ad
763 3303 885 3360 motum
895 3298 938 3390 li·
989 3303 1109 3366 seilicet
1122 3304 1265 3368 dicamus
1284 3305 1368 3383 qubd
1384 3321 1449 3364 non
1469 3310 1517 3364 est
1533 3303 1609 3364 deire
1625 3301 1774 3363 ultimum

153 3385 224 3448 beri
246 3386 369 3448 arbitrii
401 3383 435 3444 la
458 3385 577 3454 Deum,
608 3383 739 3470 omlis!
764 3377 826 3438 ¹¹00
851 3394 937 3438 enim
989 3381 1114 3449 instans
1140 3383 1174 3444 lii
1203 3401 1268 3462 quo
1290 3384 1386 3462 culpa
1410 3381 1525 3454 intuli,
1548 3381 1601 3442 scd
1625 3381 1774 3441 ultimum

152 3463 249 3525 bomo
261 3464 436 3526 detestatur
455 3465 640 3540 peccatum,
655 3474 733 3549 quina
753 3459 802 3522 est
813 3460 938 3548 ‘contra
988 3465 1125 3540 tempus,
1147 3466 1197 3525 est
1219 3465 1327 3524 autem
1347 3463 1424 3526 dare
1440 3461 1579 3539 primum
1595 3459 1718 3522 instans
1741 3457 1774 3518 io

150 3543 271 3616 Deum,
295 3542 347 3611 cui
368 3541 436 3603 vult
454 3540 627 3602 udhaerere·
647 3538 687 3598 Εῑ
706 3535 776 3626 ιιιθρ
800 3535 937 3596 llberum
988 3541 1165 3619 quogratia
1179 3541 1282 3613 inest;
1298 3540 1330 3602 iii
1345 3542 1682 3618 totoautemtempore
1694 3553 1775 3614 pree·

152 3623 323 3683 arbitrium
342 3621 375 3682 iii
390 3618 618 3699 iustificatione
634 3614 721 3693 impii
738 3614 833 3676 simul
851 3613 938 3678 detes
988 3618 1110 3680 cedenti
1124 3619 1227 3682 inerat
1239 3619 1344 3698 culpa.

153 3705 258 3810 {mur
275 3703 460 3792 Peoeamm’
477 3695 679 3789 ‘'t-emma
701 3710 736 3754 ⁸⁰
755 3691 795 3753 ad
817 3693 936 3764 Deum
988 3739 1169 3800 Auricunus
1188 3755 1257 3798 viii.
1277 3735 1441 3800 -lltrdm
1485 3733 1575 3797 iutio
1593 3733 1712 3814 infusio
1732 3733 1774 3794 sit

152 3781 237 3840 sicut
250 3783 347 3840 ctiam
367 3794 483 3855 corpus
504 3775 601 3838 simul
622 3770 797 3835 recedendo
816 3772 857 3833 ab
871 3785 938 3838 uno
1026 3818 1129 3898 prima
1143 3817 1252 3877 ordine
1267 3753 1775 3896 namroeimgmqmqmn·

152 3855 407 3920 locoacceditad
420 3855 531 3916 alium.
1157 3894 1163 3908 .
1221 3895 1227 3910 .
1307 3895 1313 3908 .
1419 3895 1425 3908 .
1483 3893 1501 3907 ..
1662 3893 1668 3904 .

194 3935 241 3997 ild
260 3935 390 3996 tertium
411 3933 580 3995 dicendum
601 3928 685 4008 qudd
709 3944 773 3989 non
790 3930 839 3988 est
855 3924 937 3986 ratio
1029 3905 1081 3956 Μ
1097 3896 1399 3976 “dimllfiffllwmm
1413 3891 1578 3972 tuipse-l
1588 3891 1619 3966 b,
1635 3895 1707 3953 dist.
1723 3891 1771 3962 17,
1791 3929 1795 3936 -

1028 3982 1133 4054 quest.
1159 3976 1195 4045 1,
1218 3981 1279 4034 ert.
1304 3971 1342 4047 b,
1367 3979 1473 4053 quest.
1499 3971 1537 4044 l,
1566 3977 1595 4030 et
1619 3975 1713 4050 quest
1732 3967 1772 4040 S,

153 4031 256 4092 quare
275 4013 378 4075 torma
394 4011 499 4074 subito
518 4012 551 4072 in
568 4006 702 4070 muterid
721 4023 786 4066 non
804 4003 939 4082 recipia-

154 4099 220 4165 tur,
234 4092 312 4172 quiu
330 4092 432 4172 magis
453 4093 485 4152 et
503 4090 610 4151 minus
628 4091 732 4165 potest
751 4085 872 4155 inesse;
892 4083 939 4144 sic
1029 4061 1091 4120 m*
1107 4051 1144 4129 5,
1164 4061 1270 4134 dmi·
1297 4052 1333 4128 ¹2
1354 4052 1394 4113 “d
1411 4049 1449 4125 S,
1463 4057 1492 4111 ιι
1509 4051 1579 4114 Vti-
1592 4055 1698 4130 dimi·
1712 4046 1773 4123 ²⁶2

155 4171 241 4233 enini
258 4172 367 4232 lumen
381 4186 446 4230 non
460 4167 566 4231 subito
580 4165 776 4243 reciperetur
792 4162 824 4223 in
844 4179 936 4232 aere,
1029 4139 1091 4192 W·
1104 4131 1156 4213 7·)

155 4250 211 4329 qui
232 4253 336 4328 potest
359 4247 460 4327 magis
485 4250 518 4308 et
539 4243 646 4306 minus
670 4240 857 4304 illuminari.
879 4239 938 4300 Sed
1029 4221 1774 4308 Adoctarumsicproceditur.1.Videturqudd

154 4330 239 4391 ratio
261 4333 310 4390 cst
335 4325 520 4405 accipienda
542 4343 582 4384 ex
604 4327 695 4414 parte
719 4317 937 4398 dispositionis
990 4311 1099 4402 gratim
1119 4309 1237 4372 inlusio
1253 4326 1317 4369 non
1340 4309 1381 4370 sil
1397 4307 1501 4385 prima
1520 4305 1631 4368 ordine
1652 4308 1775 4365 naturae

155 4407 360 4470 materiinrel
377 4403 523 4484 subjecti,
537 4407 574 4466 ut
589 4403 707 4465 dictum
726 4405 774 4464 est
792 4397 826 4459 in
848 4415 936 4476 corp.
989 4393 1073 4460 luter
1084 4405 1121 4450 ea
1141 4406 1213 4468 quae
1227 4388 1438 4466 requiruntur
1456 4385 1496 4448 ad
1514 4381 1774 4464 justificationem

155 4491 218 4548 art.
989 4467 1092 4546 impii.
1106 4469 1197 4529 Prius
1211 4467 1296 4528 enini
1309 4470 1357 4528 est
1370 4463 1517 4526 recedere
1531 4461 1551 4525 l
1565 4461 1661 4532 malo,
1677 4457 1775 4538 qudm

195 4563 242 4625 ld
256 4565 407 4642 quartum
420 4559 589 4623 dicendum
602 4557 688 4638 qaod
706 4557 740 4620 in
753 4553 864 4620 eodem
881 4553 940 4615 iu·
989 4545 1139 4612 accedere
1154 4544 1193 4606 ad
1216 4545 1355 4614 bonum,
1370 4539 1543 4604 secundum
1558 4537 1636 4600 illud
1648 4539 1698 4598 Ps.
1715 4537 1773 4610 33,

155 4643 253 4706 stanti
274 4643 308 4734 in
328 4658 394 4719 quo
412 4639 515 4736 (orma
535 4633 863 4729 acquiritur,·incipit
885 4649 937 4724 res
990 4621 1313 4715 152Decli'uudmulo,
1325 4629 1353 4682 et
1365 4619 1547 4702 [ordonum.
1562 4615 1775 4708 Sedrenmissio

156 4715 939 4877 tlltllllllltutudistillll
989 4693 1776 4870 llll.lllllltllstfflissll.illutibilis.

157 4881 262 4940 motus
277 4875 346 4956 ejus
361 4880 443 4938 esset
458 4876 691 4942 instantaneus,
705 4871 738 4936 in
756 4868 866 4938 eudem
886 4867 940 4926 in-
988 4859 1033 4920 Er
1055 4877 1074 4920 o
1104 4858 1292 4920 naturaliter
1317 4856 1406 4936 prius
1430 4857 1479 4917 cst
1506 4866 1652 4914 remissio
1675 4851 1776 4930 culpas

156 4957 253 5017 stanti
272 4955 495 5033 compleretur.
518 4952 623 5014 Motus
642 4954 748 5013 autem
769 4945 862 5007 liberi
883 4962 941 5006 ar·
990 4879 1087 5017 ειεξιτ]
1105 4937 1221 5000 inlusio
1236 4937 1370 5030 gratiae..
1389 5013 1395 5027 .
1552 5009 1560 5024 .

158 5035 255 5107 liitrii,
270 5033 326 5111 qui
343 5039 391 5094 εει
407 5033 502 5103 velle,
517 5047 583 5094 non
595 5032 644 5091 εει
657 5025 869 5098 successivus,
884 5023 939 5086 sed
1029 5018 1059 5076 2.
1075 5017 1242 5090 Praeterea,
1252 5016 1418 5094 dispositio
1428 5009 1575 5090 procedit
1586 5007 1777 5070 naturaliter

158 5115 392 5174 instantaneus.
407 5112 447 5172 El
458 5108 602 5172 idebuon
614 5103 833 5184 oportetqudd
843 5102 939 5183 justi·
990 5095 1124 5158 iorinaui
1141 5097 1293 5174 adquam
1313 5093 1461 5171 disponit.
1477 5087 1537 5150 Sed
1561 5091 1664 5148 motus
1683 5086 1775 5148 liberi

157 5192 263 5253 ficatio
275 5190 362 5268 impii
377 5190 417 5252 sit
429 5187 621 5252 successiva.
990 5174 1113 5236 arbitrii
1129 5180 1177 5234 est
1197 5172 1341 5252 quodam
1362 5168 1526 5248 dispositio
1539 5165 1579 5228 ad
1598 5165 1778 5258 susceptio-

197 5269 244 5330 ild
254 5268 402 5348 quintum
413 5266 579 5330 dicendum
593 5262 677 5342 qudd
690 5259 849 5324 successio
861 5258 940 5320 duo·
992 5271 1064 5313 nem
1078 5253 1197 5332 gratie.
1207 5252 1302 5342 'Ergo
1326 5247 1463 5310 naturali
1469 5253 1515 5308 ter
1529 5245 1676 5325 precedit
1688 5243 1778 5304 inlu-

157 5367 230 5409 rum
252 5348 472 5426 oppositorum
491 5345 524 5404 in
547 5342 658 5405 codem
681 5339 824 5420 subjecto
847 5339 941 5400 aliter
991 5333 1115 5393 sionem
1133 5335 1253 5410 gratio.
1610 5401 1618 5416 Ἴ·

158 5431 207 5488 εει
226 5425 456 5488 consideranda
473 5425 507 5484 in
521 5423 570 5484 bis
585 5437 657 5500 qus
673 5418 838 5497 subjacent
854 5421 940 5478 tem-
1031 5411 1060 5469 3.
1075 5412 1240 5479 ureteras,
1251 5409 1415 5486 peccatum
1428 5403 1556 5484 impedit
1567 5417 1718 5470 animam,
1736 5417 1777 5460 ne

181 5505 241 5574 ori,
257 5509 288 5566 et
301 5503 394 5565 aliter
406 5504 439 5564 in
453 5503 504 5564 bis
520 5517 593 5580 quae
607 5503 683 5561 sunt
692 5513 790 5576 supra
803 5501 938 5574 tempus.
991 5487 1091 5551 libere
1102 5488 1208 5549 tendat
1219 5487 1371 5546 inlleum.
1381 5485 1439 5547 Sed
1451 5484 1539 5562 prius
1554 5486 1602 5542 est
1615 5495 1777 5540 removere

157 5523 195 5644 fii
209 5583 258 5644 liis
274 5585 358 5644 enim
377 5599 450 5660 qun
468 5581 634 5661 subjacent
647 5575 799 5656 tempori,
814 5591 880 5636 non
894 5578 942 5636 εει
993 5569 1024 5629 id
1037 5567 1122 5646 quod
1136 5565 1422 5645 probibetmotum,
1432 5559 1531 5654 quam
1540 5563 1643 5629 motus
1659 5571 1780 5642 sequa-

194 5725 234 5796 ll)
254 5725 289 5779 ltu
304 5741 363 5780 euin
379 5725 439 5780 llss.
454 5721 602 5790 Nicolaitis,
617 5715 725 5790 optimi.
741 5715 810 5772 Editi
825 5714 941 5787 passini,
1030 5707 1067 5790 (l)
1088 5707 1124 5762 lia
1139 5695 1202 5763 eilit.
1218 5707 1297 5764 llam.
1309 5715 1336 5764 ct
1348 5705 1438 5761 Petne.
1452 5700 1592 5764 Niccluius
1606 5711 1661 5769 quer
1678 5695 1712 5749 nit
1732 5695 1779 5750 ιω

158 5796 335 5865 dispensastis.
994 5778 1174 5844 ri'qillrt’bttlltr.

1203 3069 1233 3142 5,
1246 3073 1307 3132 art.
1319 3070 1335 3128 1
1349 3071 1380 3129 ει
1388 3067 1418 3127 2.
1432 3067 1472 3130 El
1486 3066 1556 3129 idcd
1567 3064 1774 3158 judicandum
1899 3091 1905 3102 ·
