4038 6350
125 279 177 340 agg
583 275 716 346 Ol'AEST.
736 276 826 335 cxlv.
848 281 890 338 DF.
910 281 1123 340 uut'ucutuuu
1141 283 1184 341 ult
1196 285 1290 344 lTlAE.
1703 300 1754 354 uto

126 402 161 456 nt
175 413 215 456 ex
239 398 428 475 supradictis
446 405 542 478 patet,
558 413 619 465 art.
642 401 749 476 ssetl,
773 404 840 486 huj.
856 423 911 484 qn.
968 402 1113 482 alioquin
1131 403 1249 466 trustra
1264 405 1458 483 petereturd
1479 407 1545 470 Deo
1560 406 1592 470 ln
1620 411 1754 487 petitio-

126 475 209 551 urgo
235 477 342 538 nullus
365 483 471 556 potest
495 481 647 560 majorem
676 484 831 560 gratiam,
865 484 914 544 vel
969 481 1062 540 nibus
1075 484 1229 542 orationis
1248 485 1683 564 llominicaemtdugnstinus
1698 509 1753 550 ex-

123 553 312 614 cdaritatem
329 557 444 618 mereri
461 557 559 637 quarn
574 560 701 621 lrabeat.
967 560 1058 637 ponit
1072 560 1105 618 in
1121 561 1203 622 libro
1217 563 1255 621 dc
1269 563 1358 622 Bono
1371 567 1628 640 perseverantia.
1643 585 1713 646 cap·
1734 570 1754 628 2

165 630 196 689 3.
216 634 384 707 Praeterea,
394 636 429 706 ¹id
445 639 530 714 quod
541 638 623 699 cadit
635 641 830 710 submerito,
850 658 914 701 me·
968 641 998 698 et
1012 637 1059 696 17.
1075 639 1160 718 Ergo
1179 642 1418 717 perseverantia
1439 648 1543 721 potest
1568 645 1680 708 cadero
1693 650 1754 708 sub

124 730 214 785 retur
228 723 324 784 homo
335 740 391 800 per
405 721 579 798 quemlibet
590 725 695 780 actum
710 718 730 782 d
744 717 846 799 gratia
862 719 913 779 vet
967 717 1081 776 nrerito
1101 718 1248 779 habentis
1263 721 1410 800 gratiam.

124 803 280 864 charitato
296 800 538 880 procedentem,
554 801 637 860 sicut
653 816 710 876 per
738 798 913 878 quemlibet
1004 793 1035 854 2.
1049 797 1217 869 Praeterea,
1244 799 1344 878 magis
1369 805 1497 862 estnon
1514 818 1608 879 posse
1621 820 1752 880 peccare

122 883 338 942 talemactum
353 885 494 940 merctur
516 876 724 939 hemeritam
748 883 910 938 uternam.
965 871 1064 950 quam
1093 891 1156 934 non
1174 892 1318 953 peccare.
1343 877 1401 938 Sed
1420 897 1485 940 non
1502 898 1595 958 posse
1622 900 1753 960 peccare
1788 935 1798 952 ,

90 979 95 988 ·
122 960 153 1019 Si
179 960 277 1038 igitur
295 962 502 1038 augmentum
529 957 639 1036 gratiae
668 957 718 1016 vel
747 955 912 1017 charitalis
966 953 1050 1013 cadit
1069 955 1129 1014 sub
1146 955 1280 1028 merito;
1302 962 1442 1018 meretur
1462 961 1546 1019 enim
1569 960 1687 1038 aliquis
1708 967 1754 1021 vi-

124 1038 216 1100 cadat
232 1039 292 1098 sub
316 1037 442 1108 merito,
460 1035 587 1098 ridetur
607 1033 692 1113 qudd
715 1053 772 1112 per
793 1051 912 1112 quem·
966 1037 1031 1092 tam
1045 1038 1197 1093 {eternam
1209 1077 1216 1104 ‚
1230 1033 1269 1093 de
1282 1034 1372 1114 cujus
1389 1035 1513 1099 ratione
1528 1044 1577 1100 est
1588 1040 1748 1118 impecca·

123 1114 203 1180 libet
236 1118 343 1177 artum
374 1115 529 1176 charitate
562 1113 768 1175 informatum
793 1113 911 1191 aliquis
965 1110 1180 1190 bilitasurgo
1194 1113 1293 1174 mullo
1315 1117 1415 1193 magis
1434 1121 1535 1193 potest
1552 1118 1669 1196 aliquis
1689 1137 1754 1182 me

123 1199 285 1256 mereatur
297 1198 503 1273 augmentum
519 1193 692 1254 charitatis.
710 1192 767 1253 Sed
781 1191 811 1252 id
825 1191 911 1270 quod
964 1189 1076 1250 rerinl
1094 1207 1156 1250 non
1167 1195 1290 1268 peccet,
1310 1193 1396 1270 quod
1412 1200 1459 1254 est
1473 1214 1690 1272 perseverare.

124 1273 220 1334 homo
232 1279 384 1342 moretur,
401 1271 610 1333 infallibiliter
626 1269 647 1333 d
661 1272 727 1332 Deo
742 1271 911 1348 consequi·
1003 1267 1032 1327 3.
1054 1271 1221 1342 Praeterea,
1242 1269 1342 1362 majus
1356 1277 1403 1333 est
1420 1281 1627 1414 angmentum
1643 1277 1753 1356 gratim

121 1358 188 1424 tur,
202 1352 264 1412 nisi
281 1351 473 1429 impediatur
496 1367 553 1428 per
569 1356 734 1428 peccatum
749 1366 908 1426 sequens3
963 1344 1059 1422 quam
1080 1353 1320 1424 perseverantia
1335 1351 1367 1411 in
1382 1355 1473 1429 grati·
1499 1371 1596 1430 quam
1613 1355 1685 1432 quis
1697 1355 1753 1417 ha-

122 1429 341 1492 diciturenim
359 1430 379 1488 2
402 1429 441 1491 ad
464 1431 602 1490 Timoth.
626 1431 666 1500 1,
696 1429 753 1488 tn:
767 1428 840 1489 Scio
859 1429 910 1488 cci
963 1425 1026 1485 bet.
1044 1425 1101 1486 Sed
1116 1427 1449 1505 homopotestmereri
1461 1437 1669 1511 augmentum
1702 1451 1753 1495 ra·

124 1509 253 1577 credidi,
277 1517 305 1569 ct
322 1515 422 1569 certus
441 1526 508 1569 eum
537 1508 611 1588 quia
632 1515 744 1587 potens
758 1514 800 1566 cst
814 1506 911 1585 clepo-
950 1503 1034 1574 tim,
1050 1510 1086 1564 ut
1107 1523 1205 1583 supra
1229 1506 1347 1567 dictum
1368 1515 1430 1578 est,
1457 1517 1518 1571 art.
1550 1529 1644 1588 praec.
1667 1513 1752 1593 Ergo

124 1590 218 1650 ritum
229 1603 467 1648 meumseroarc.
482 1585 910 1680 Sicergosequcreturqudd
962 1582 1185 1672 multomagis
1208 1591 1311 1663 potest
1333 1589 1448 1649 mereri
1476 1591 1749 1668 perseverantiam

125 1683 182 1744 per
196 1667 369 1744 quemlibet
383 1670 490 1727 actum
510 1665 708 1728 meritorium
726 1665 829 1744 gratia
855 1665 906 1726 vel
963 1677 994 1720 ιη
1014 1661 1117 1738 gratid
1133 1679 1230 1740 quam
1243 1665 1316 1742 quis
1331 1665 1436 1728 habet.

123 1747 263 1807 charitas
291 1749 482 1824 augeretur;
509 1745 595 1823 quod
616 1743 740 1806 ridetur
762 1744 911 1805 inconve·
1003 1739 1062 1800 Sed
1077 1747 1189 1804 contra
1202 1743 1547 1824 estquddomnequod
1562 1746 1635 1826 quis
1652 1765 1753 1810 mere·

125 1824 229 1892 niens,
254 1841 327 1884 curn
348 1823 545 1901 quaudoque
561 1830 650 1884 actus
671 1823 826 1882 meritorii
845 1839 910 1883 non
964 1820 1028 1892 tur,
1045 1817 1065 1880 d
1080 1820 1145 1881 Deo
1161 1822 1380 1898 consequitur,
1405 1825 1465 1885 nisi
1487 1826 1679 1904 impediatur
1696 1847 1753 1906 per

126 1902 190 1962 sint
211 1900 348 1963 multum
373 1901 551 1975 ferventes,
574 1901 619 1963 ita
648 1901 733 1980 quod
751 1901 911 1962 sufficiant
963 1903 1142 1973 peccatum.
1165 1898 1224 1960 Sed
1242 1901 1332 1961 multi
1358 1902 1476 1964 liabent
1497 1921 1594 1982 opera
1613 1908 1752 1968 merito-

124 1980 164 2041 nd
177 1980 342 2043 charitatis
353 1984 570 2059 augmentum.
586 1982 653 2040 Non
667 1998 743 2060 ergo
757 1996 911 2059 augmen·
963 1975 1023 2048 ria,
1039 1977 1094 2053 qui
1111 1993 1174 2038 non
1198 1985 1441 2118 conseguuntur
1456 1989 1726 2060 perseverantiam
1742 2007 1751 2058 ς

125 2065 193 2121 tum
206 2059 370 2122 charitatis
387 2059 471 2120 cadit
491 2062 552 2120 suli
567 2061 691 2120 merito.
963 2071 1023 2114 nec
1037 2060 1141 2131 potest
1160 2055 1220 2118 dici
1234 2057 1299 2135 qud
1338 2060 1399 2122 hoc
1423 2059 1479 2123 fiat
1501 2066 1633 2140 propter
1650 2064 1755 2142 impe-

165 2138 224 2199 Sed
238 2141 351 2200 contra
365 2143 410 2199 est
422 2139 507 2216 quod
518 2139 717 2216 Augustinus
728 2136 801 2196 dicit
814 2153 912 2214 super
963 2129 1138 2194 (timentum
1153 2135 1285 2213 peccati,
1307 2139 1384 2216 quia
1406 2139 1466 2200 hoc
1480 2141 1586 2218 ipsum
1606 2144 1691 2218 quod
1705 2147 1754 2204 est

124 2216 226 2294 Epist.
248 2217 341 2278 ioan.
371 2217 509 2296 (implic.
526 2221 617 2278 tract.
634 2216 670 2288 5,
696 2221 771 2277 ante
789 2215 909 2293 med),
963 2227 1116 2304 peccare,
1138 2217 1313 2292 opponitur
1325 2221 1590 2294 perseverantioe3
1611 2221 1753 2300 itaqudd

125 2295 212 2374 qudd
235 2295 370 2357 claritas
386 2303 521 2356 merctur
541 2297 669 2373 augeri,
688 2304 723 2355 ut
739 2303 833 2354 aucta
852 2312 912 2354 mc·
964 2308 990 2350 sr
1011 2290 1128 2369 aliquis
1148 2296 1419 2370 perseverantiam
1446 2303 1643 2372 mereretur,
1667 2302 1753 2362 Deus

124 2385 233 2434 rentur
249 2383 278 2434 et
292 2376 413 2455 perfici.
429 2375 513 2454 Ergo
530 2380 736 2452 augmentum
749 2373 912 2434 charitatis
964 2385 1031 2428 non
1046 2369 1243 2446 permitteret
1266 2372 1355 2433 illum
1374 2375 1487 2437 cadere
1512 2377 1546 2436 in
1571 2385 1749 2455 peccatum.

124 2454 176 2514 vel
190 2454 299 2532 gratie
313 2453 397 2514 cadit
410 2454 471 2514 sub
488 2455 613 2514 merito.
964 2446 1035 2507 Non
1055 2449 1153 2528 igitur
1169 2453 1408 2528 perseverantia
1436 2455 1519 2516 cadit
1545 2459 1605 2516 sub
1626 2461 1751 2518 merito.

166 2532 354 2610 tlespondeo
369 2531 537 2592 dicendum
549 2531 633 2608 qudd
647 2531 836 2608 sicutsupra
849 2530 913 2591 dic·
1004 2525 1194 2604 Respondeo
1205 2528 1374 2592 dicendum
1385 2531 1470 2611 quod
1492 2530 1564 2595 curn
1583 2535 1679 2596 homo
1699 2553 1755 2598 na·

126 2617 196 2671 turn
210 2615 258 2670 cst
270 2615 330 2673 art.
346 2611 381 2680 li,
397 2611 457 2672 el'l
471 2610 567 2690 nujus
582 2627 652 2686 qu.,
666 2609 742 2671 illud
758 2609 841 2671 cadit
853 2610 913 2670 sub
965 2604 1114 2666 turalitcr
1132 2606 1249 2668 lrabeat
1267 2609 1404 2671 liberum
1420 2613 1589 2673 arbitrium
1612 2613 1752 2675 flexibile

126 2690 243 2750 merito
263 2689 428 2768 condigni,
451 2689 491 2750 ad
520 2690 606 2767 quod
630 2690 729 2749 motio
748 2687 858 2766 gratie
880 2704 914 2749 sc
966 2681 1139 2775 adponam
1155 2690 1186 2746 et
1197 2687 1237 2748 ad
1249 2687 1381 2760 matum,
1400 2689 1569 2768 dupliciter
1580 2695 1755 2769 poltstdll·

127 2767 282 2830 extendit.
295 2768 394 2828 Matio
407 2772 514 2830 antem
527 2768 663 2844 alicujus
677 2767 833 2828 moventis
849 2783 915 2826 non
954 2776 1039 2837 -qurs
1051 2765 1322 2840 perseverantiam
1337 2768 1467 2830 inbono
1483 2772 1627 2832 obtinere
1640 2770 1754 2835 dDeo:

127 2843 234 2907 solnm
268 2865 302 2908 se
325 2846 467 2908 extendit
500 2846 540 2906 ad
573 2848 719 2907 ultimum
743 2846 914 2908 terminum
966 2854 1033 2900 uuo
1049 2841 1177 2918 quidem
1196 2845 1289 2906 modo
1303 2863 1360 2922 per
1375 2846 1436 2909 hoc
1452 2847 1538 2926 qudd
1555 2850 1691 2912 liberum
1704 2869 1756 2912 ar·

128 2923 257 2995 motus,
275 2925 328 2986 sed
351 2925 448 2986 etiam
471 2925 510 2986 ad
526 2928 628 2985 toturn
656 2941 860 3006 progressum
882 2925 915 2984 in
967 2920 1099 2985 bitrium
1115 2921 1344 2985 determinatur
1356 2925 1396 2987 ad
1416 2928 1535 2988 bonum
1550 2946 1608 3006 per
1621 2931 1756 3070 gratiam

128 3008 229 3063 melu.
242 3004 411 3064 Terminus
429 3003 652 3065 autemmottis
667 3005 836 3082 gratiaeest
850 3003 915 3064 vita
969 3003 1350 3080 consummatamque!
1381 3005 1442 3065 erit
1470 3009 1504 3066 in
1537 3007 1661 3086 glori.;
1693 3010 1756 3070 alia

129 3088 261 3144 iuterna.
287 3085 479 3162 Progressus
502 3089 609 3144 autem
627 3083 659 3142 in
687 3083 748 3143 hoc
762 3088 851 3142 motu
869 3086 917 3142 est
968 3081 1062 3140 modo
1081 3096 1121 3138 ex
1146 3083 1236 3156 parte
1252 3083 1402 3144 motionis
1419 3083 1552 3157 divinae,
1591 3103 1640 3148 uae
1655 3087 1756 3147 homi·

129 3159 305 3300 secuugrim
319 3169 527 3241 angmentum
540 3161 704 3223 charitatis
722 3163 769 3222 vel
787 3161 914 3240 gratim,
968 3175 1042 3220 uem
1054 3156 1189 3224 inclinat
1202 3159 1242 3220 ad
1257 3161 1376 3222 bonum
1392 3163 1550 3240 usquead
1568 3103 1676 3226 anem.

129 3257 229 3301 secun
252 3236 499 3302 rimillndProv.
515 3237 545 3310 i,
559 3239 596 3299 18
610 3259 616 3298 :
632 3241 795 3300 laetorum
810 3239 919 3299 semite
1010 3237 1098 3298 Sicut
1122 3243 1229 3298 autem
1250 3255 1289 3298 ex
1318 3241 1408 3302 dictis
1430 3243 1527 3318 patet,
1548 3247 1609 3304 art.
1634 3243 1708 3318 ti,'t
1727 3252 1757 3307 et

129 3336 207 3399 quae
215 3319 287 3382 ltux
295 3319 457 3400 splendeas
462 3319 652 3410 proceditct
662 3321 770 3380 crescit
778 3319 918 3412 usquead
968 3315 989 3376 8
1003 3331 1111 3394 praee,
1125 3315 1203 3376 illud
1215 3317 1298 3378 cadit
1312 3321 1372 3380 sub
1386 3319 1527 3381 humano
1544 3321 1657 3384 merito
1672 3324 1758 3401 quod

129 3397 299 3476 perfectum
316 3397 405 3464 diem,
420 3415 476 3474 qur
488 3402 536 3458 est
549 3396 616 3458 dies
630 3399 750 3476 gloriae.
761 3397 811 3458 Sic
821 3399 918 3476 igitur
970 3397 1179 3471 comparatur
1192 3395 1231 3455 ad
1254 3405 1378 3458 motum
1396 3397 1489 3460 liberi
1505 3399 1629 3462 arbitrii
1643 3400 1753 3463 directi

131 3476 551 3555 augmentumgraticecadit
561 3479 621 3536 sub
632 3477 746 3537 merito
755 3477 916 3552 condigni.
970 3471 1074 3535 aueo
1087 3479 1236 3534 movente
1257 3474 1340 3536 sicut
1360 3478 1536 3550 terminus,
1561 3495 1627 3540 nou
1651 3485 1758 3541 autern

171 3554 219 3614 dd
236 3555 375 3632 primum
388 3571 464 3634 ergo
476 3554 645 3615 dicendum
656 3555 741 3632 quod
752 3557 918 3632 praemium
971 3552 1001 3613 id
1023 3551 1109 3629 quod
1129 3559 1335 3632 comparatur
1362 3556 1400 3617 ad
1424 3555 1609 3635 pradictum
1637 3561 1759 3618 molum

133 3635 182 3694 est
195 3630 351 3694 terminu‘s
373 3633 489 3695 meriti.
507 3633 564 3694 Est
587 3639 694 3696 autem
717 3633 836 3711 duplex
854 3641 921 3694 ter-
971 3631 1053 3692 sicut
1068 3631 1271 3708 principium.
1293 3633 1379 3694 Unde
1396 3639 1483 3712 patet
1497 3634 1582 3711 quod
1606 3654 1758 3714 perseve-

132 3711 240 3774 miuus
252 3710 374 3781 motuis,
390 3713 509 3773 scilicet
522 3713 654 3773 ultimus
672 3715 702 3772 et
714 3713 849 3782 medius,
863 3713 917 3790 qui
972 3709 1077 3771 rantia
1090 3708 1217 3787 glorice,
1231 3727 1303 3789 qum
1313 3717 1361 3772 ecl
1374 3713 1527 3774 terminus
1542 3714 1681 3790 predicti
1692 3733 1758 3775 mri-

132 3792 182 3848 est
203 3795 235 3850 et
259 3789 451 3868 principium
469 3793 687 3859 etterminusc
708 3797 739 3851 ct
756 3791 829 3852 talis
849 3797 920 3851 ter·
973 3787 1036 3857 tris,
1058 3787 1142 3848 cadit
1156 3790 1217 3850 sub
1237 3789 1370 3856 meritos
1391 3793 1632 3868 perseverantia
1651 3799 1758 3854 autem

131 3867 238 3929 minus
256 3873 304 3931 est
330 3887 451 3930 merres
472 3870 648 3948 augmenti.
670 3869 793 3930 Merces
813 3875 920 3931 autem
972 3866 1102 3928 vinnon
1112 3867 1485 3946 caditsubmcrilo,quia
1494 3870 1758 3947 dependetsolirm

132 3945 251 4010 favoris
276 3947 408 4008 humani
430 3951 479 4008 est
504 3949 588 4009 sicut
611 3947 743 4008 ultimus
765 3949 919 4008 terminus
972 3963 1013 4006 ex
1026 3945 1165 4006 motione
1181 3945 1309 4021 divina,
1329 3953 1461 4027 qumest
1479 3949 1672 4028 principium
1692 3966 1756 4010 om·

132 4024 182 4084 his
200 4025 255 4102 qui
275 4024 370 4086 finem
388 4027 420 4086 in
435 4026 497 4088 hoc
516 4027 729 4100 constituunt;
743 4026 828 4087 uude
841 4027 919 4088 tales
974 4023 1024 4084 nis
1056 4023 1172 4086 meriti.
1201 4023 1261 4086 Sed
1283 4029 1368 4090 Deus
1391 4027 1490 4108 gratis
1514 4031 1758 4104 perseverantia

134 4102 256 4164 nullam
267 4104 364 4166 aliam
376 4104 554 4166 mercedem
573 4104 742 4182 recipiunt.
973 4104 1091 4163 bonum
1105 4102 1244 4181 largitur
1258 4108 1447 4186 cuicumque
1460 4106 1540 4170 illud
1552 4106 1699 4193 largitur·
1717 4175 1719 4184 ,

173 4181 407 4244 desecandum
423 4181 591 4244 dicendum
612 4183 696 4262 qudd
711 4188 920 4262 augmentum
1012 4181 1054 4242 dd
1075 4181 1214 4258 primum
1228 4203 1304 4264 ergo
1322 4187 1489 4249 dicendum
1507 4191 1591 4268 quod
1609 4193 1757 4256 etiamen

131 4261 243 4336 gratim
259 4277 324 4321 non
342 4262 391 4320 est
410 4278 509 4338 supra
524 4261 672 4324 virtutem
688 4263 920 4341 praeexistentis
972 4276 1045 4336 quae
1071 4277 1135 4320 non
1166 4279 1348 4336 meremur,
1376 4267 1499 4328 orando
1528 4270 1757 4349 impetramus;

132 4338 263 4416 gratie,
293 4337 367 4399 nell
382 4338 422 4399 sit
447 4357 546 4418 supra
565 4343 777 4419 quantitatem
792 4341 919 4419 ipsius3
974 4344 1100 4400 namet
1123 4345 1305 4417 peccatores
1331 4345 1417 4406 Deus
1440 4346 1529 4407 audit
1554 4355 1758 4426 peccatorum

133 4415 217 4477 sicut
239 4419 348 4490 arbor,
371 4417 431 4478 etsi
453 4419 494 4479 sit
519 4437 616 4498 supra
634 4421 846 4497 quantitatem
868 4438 922 4482 se·
974 4419 1103 4479 veniam
1128 4424 1284 4495 petentes,
1310 4441 1408 4502 quam
1432 4442 1497 4485 nou
1522 4433 1698 4500 merentur,
1722 4433 1759 4488 ut

133 4494 242 4566 minis,
260 4512 325 4555 non
342 4495 510 4560 esttamen
527 4515 625 4576 supra
640 4500 788 4560 virtutem
806 4498 919 4575 ipsius.
972 4500 1059 4630 patet
1071 4514 1129 4586 per
1142 4497 1375 4576 Augustinum,
1394 4519 1492 4578 super
1511 4503 1588 4564 illud
1601 4505 1695 4566 ioan.
1717 4507 1757 4576 9,

173 4573 219 4634 nd
243 4574 373 4635 tertium
389 4574 556 4637 dicendum
582 4577 666 4655 qudd
681 4577 825 4654 quolibet
846 4582 919 4638 actu
995 4574 1257 4652 1:8ctmusqcia
1301 4587 1452 4639 cccntorce
1476 4582 1561 4641 Deae
1575 4601 1641 4643 noa
1664 4603 1757 4644 erau-

133 4652 299 4713 meritoriu
315 4659 457 4714 merctur
470 4655 566 4716 homo
579 4661 786 4734 augmentum
797 4655 920 4734 gratim,
973 4648 1076 4744 ‘stiffi
1093 4653 1102 4730 (
1117 4656 1242 4714 tractat.
1256 4595 1311 4728 tf,
1327 4658 1359 4716 in
1374 4657 1480 4730 ioan,
1498 4656 1615 4726 dmed.
1629 4661 1638 4741 )
1654 4681 1663 4734 3
1678 4663 1758 4724 atio-

133 4729 216 4791 sicut
233 4736 265 4792 et
281 4731 392 4810 gratim
419 4735 746 4807 consummationem,
771 4751 843 4812 quae
872 4738 921 4795 est
972 4747 1051 4807 quin
1068 4729 1186 4792 trustra
1200 4731 1333 4795 dixisset
1342 4736 1533 4813 publicanus
1552 4756 1559 4794 τ
1575 4739 1670 4806 Deus,
1695 4757 1757 4801 tro-

132 4808 199 4870 vita
216 4813 345 4872 telerna.
374 4809 432 4871 Sed
449 4811 533 4872 sicul
556 4814 622 4874 vita
639 4817 756 4874 aeterna
776 4829 841 4873 non
857 4819 921 4876 sla·
968 4809 1071 4886 pitius
1088 4816 1151 4868 esto
1170 4811 1247 4872 mitt
1272 4814 1453 4890 pcccatori‚·
1473 4820 1509 4876 ut
1534 4814 1652 4877 dicitur
1694 4835 1755 4880 dtr.
1825 4857 1830 4867 ·

131 4888 190 4945 tim
206 4887 359 4961 redditur,
375 4889 429 4950 sed
444 4907 503 4952 suo
526 4892 749 4968 tempore,ita
767 4909 825 4952 nec
839 4909 922 4970 gra-
973 4886 1028 4960 18,
1048 4887 1097 4948 13.
1130 4888 1170 4948 Et
1201 4888 1349 4952 similiter
1375 4895 1755 4969 perseveruntiaedonunr

129 4967 176 5026 tia
206 4967 311 5027 statim
337 4971 485 5046 augetur,
511 4970 565 5031 sed
587 4987 646 5030 sno
667 4975 824 5047 tempore,
847 4969 918 5031 edm
971 4966 1090 5044 aliquis
1106 4966 1276 5044 peteudod
1297 4971 1363 5030 Deo
1376 4971 1525 5048 impetrat
1547 4972 1597 5034 vel
1619 4973 1692 5048 sibi,
1708 4975 1757 5038 vel

131 5043 254 5104 scilicet
277 5044 392 5123 aliquis
412 5047 607 5109 sufficienter
627 5047 722 5110 luerit
745 5049 919 5126 dispositus
972 5043 1047 5116 alii,
1064 5045 1214 5123 quamvis
1230 5048 1290 5107 sub
1305 5049 1417 5110 merito
1432 5067 1497 5110 non
1514 5051 1618 5112 cadat.

131 5121 171 5182 ad
185 5122 295 5199 gratim
305 5130 523 5203 augmentum.
1013 5123 1058 5183 Ad
1073 5125 1424 5188 secundnmdicendum
1443 5128 1530 5206 quod
1545 5147 1749 5207 perseveran-

131 5203 553 5264 nurrnunus¹1x.—-tltrrim
567 5203 655 5264 domo
670 5206 771 5283 possit
782 5223 920 5284 persccc-
971 5200 1016 5262 tia
1027 5218 1099 5277 quae
1109 5203 1169 5262 erit
1183 5203 1215 5262 in
1229 5203 1351 5282 glorta,
1368 5209 1621 5284 COmpardillrad
1636 5215 1756 5272 molum

171 5279 308 5340 ranetam
324 5281 445 5343 mereri.
466 5317 504 5328 .-
518 5281 560 5361 (t,
577 5283 664 5352 dist„
685 5282 737 5358 t5,
759 5295 865 5363 quasa,
886 5286 918 5360 2,
972 5279 1064 5340 liberi
1090 5281 1214 5341 arbitrii
1243 5283 1440 5344 meritorium
1465 5287 1548 5347 sicut
1574 5289 1754 5362 terminus,

171 5365 234 5416 art.
251 5358 281 5432 1,
302 5368 409 5436 quast.
427 5360 457 5432 l,
482 5361 582 5439 corp.)
932 5367 936 5372 '
973 5373 1035 5417 non
1056 5363 1163 5419 autem
1182 5363 1420 5437 perseverantia
1440 5365 1516 5441 vitu,
1531 5366 1656 5428 ratione
1672 5385 1754 5446 prle-

171 5436 218 5496 Ad
239 5453 361 5497 nouum
374 5438 420 5502 sic
438 5439 630 5516 proceditur.
647 5439 675 5499 l.
687 5439 821 5501 Videtur
833 5442 918 5520 qudd
971 5435 1053 5499 dicta
1068 5438 1100 5496 iu
1122 5454 1208 5515 corp.
1225 5440 1362 5501 articuli.
1587 5477 1593 5497 .

126 5514 250 5591 aliquis
278 5516 379 5593 possit
395 5518 668 5593 perseverantiam
693 5521 819 5580 mereri.
837 5520 918 5582 illud
1009 5511 1051 5574 th
1075 5515 1222 5586 Similiiet
1244 5517 1411 5580 dicendum
1436 5526 1484 5583 esi
1509 5521 1549 5582 dd
1564 5521 1694 5582 tertium
1716 5521 1753 5586 du

127 5593 425 5670 genimquodnomo
440 5596 721 5676 outinetpaendo.
737 5603 841 5676 potest
861 5617 920 5662 ca·
971 5607 1011 5651 ou
1036 5597 1141 5654 mento
1169 5594 1298 5671 graue,
1329 5601 1366 5659 ut
1383 5615 1441 5676 ner
1469 5598 1619 5678 predicta
1645 5605 1753 5680 patet,

131 5670 206 5732 dere
217 5671 278 5732 sub
291 5673 405 5733 merito
416 5673 561 5736 habentis
578 5676 724 5756 gratiam.
741 5676 799 5737 Sed
812 5696 919 5747 perse·
972 5609 1046 5730 {bifi-
1061 5679 1094 5733 θῑ
1106 5675 1166 5732 1¹¹¹·
1179 5673 1311 5748 Piaeoed·

32 5825 40 5831 Ι
133 5749 309 5810 terronam
326 5753 460 5826 petendo
479 5755 619 5817 hemines
641 5753 740 5817 duro
754 5761 915 5842 obtineam
1004 5767 1043 5839 tl)
1064 5767 1273 5840 vulgarensium

264 5849 391 5952 *Suuinu
423 5851 459 5914 ll.
1307 5953 1309 5962 .
1336 5929 1340 5944 .
1375 5863 1521 5940 .(i'rcntc
1547 5865 1635 5941 cirre)
