4006 6344
108 343 161 402 am
306 335 438 406 eoasr.
458 335 587 394 nrxsn.
608 335 652 392 oa
671 334 783 392 causa
803 333 943 392 recena
964 337 1008 394 ει
1028 340 1141 396 rsnrs
1161 339 1351 400 serranus
1370 343 1547 404 sensnm.
1689 351 1741 410 sos

109 453 255 515 lrrsrrmus
268 465 342 526 que
355 446 424 508 e'us
446 443 604 508 voluntati
626 443 818 536 subduntur.
837 443 898 506 Sed
952 451 1041 510 taum
1054 448 1170 512 dicitur
1185 455 1461 534 nosterappetitus
1473 461 1533 522 suh
1546 459 1637 524 nohis
1648 480 1738 539 esse3
1753 493 1756 502 ι

109 535 213 591 lacere
229 528 278 589 vel
294 544 356 587 rroo
384 541 477 586 acere
489 539 528 586 ea
543 523 583 586 ad
618 539 668 584 uae
680 539 788 602 passm
801 523 900 584 rneli-
950 526 1004 586 sed
1017 531 1124 590 tamen
1143 529 1202 591 iste
1214 548 1365 596 assensus
1382 537 1433 598 vel
1446 537 1610 602 dissensus
1622 542 1741 604 volun-

110 613 177 678 not,
199 605 336 668 hominis
356 602 516 666 voluntati
538 541 700 691 subhitun¹
722 600 898 692 secunddm
950 605 1024 666 tatis
1038 606 1210 686 impeditur
1221 628 1278 688 per
1289 615 1471 690 passionem
1486 616 1739 698 modopriedicto

109 686 185 746 illud
207 683 323 746 denes.
341 680 372 756 i,
394 681 415 742 ’1
435 701 443 740 :
468 679 581 742 Sahter
601 688 630 740 te
654 685 713 741 erit
740 687 898 760 appetitus
949 683 1561 772 incorp.art.‚etart.1hujusquaest.

106 774 190 830 taus.
208 772 236 823 et
249 771 285 823 tu
300 757 507 852 dominaberis
519 759 617 820 iilius.
631 757 717 850 Ergo
731 761 897 896 qeccatum
949 801 1186 865 mmmm
1203 805 1534 874 ..mmmmm
1552 814 1596 877 m
1660 816 1688 876 ,n
1714 817 1739 868 ‚-

103 841 193 920 qaod
210 845 258 904 est
269 859 311 902 ex
324 855 490 918 passione,
506 853 571 898 non
586 840 634 898 est
646 854 687 898 ex
701 853 732 895 ιιι
757 841 895 898 rmrtate.
1610 833 1665 895 liri
1690 835 1719 878 ct

144 919 205 980 Sed
222 923 335 982 contra
350 924 398 980 est
413 915 500 996 qudd
522 914 658 984 Tullius,
681 914 713 974 iu
734 912 754 974 i
776 914 833 976 lih.
857 914 896 978 de
982 881 1073 1018 fitium
1086 882 1326 1024 ‘'a‘'igzimfflig·
1344 921 1387 1026 ὦ
1397 885 1498 1026 hm?
1512 898 1573 953 ori·
1589 891 1620 964 5,
1636 911 1692 955 cor
1716 939 1737 966 .,

102 993 894 1072 Tusculiue.antemon..eideinc·.oasslones
988 978 1009 1070 ⁶¹
1032 977 1173 1100 ΨξιωΜ
1196 973 1282 1036 tm·
1323 1009 1330 1036 ι
1421 967 1671 1050 ’imsimi-
1727 1016 1736 1048 ι

101 1078 222 1138 anime
233 1073 433 1154 epritndiner
444 1075 548 1136 vocat.
559 1071 773 1152 AEgritudines
786 1075 894 1134 antem
987 1045 1048 1130 ‘'i“
1080 1081 1090 1110 ¹
1106 1059 1125 1099 α
1178 1085 1187 1114 ι
1203 1049 1231 1102 ‘³‘
1242 1051 1348 1122 iimi-
1363 1044 1431 1120 ¹53⁹
1446 1055 1507 1107 111·
1519 1047 1549 1123 5,
1561 1049 1601 1110 “d
1614 1049 1649 1124 33
1661 1059 1689 1112 ⁶⁸
1702 1052 1734 1125 2·

100 1155 168 1214 allo
188 1154 320 1216 nomine
333 1151 528 1234 infirmitates
543 1149 704 1214 dicuntur.
718 1149 804 1242 Ergo
818 1167 895 1230 pee-
986 1115 1060 1176 ‘²¹⁸⁶‘
1089 1116 1140 1256 ᾖξ’
1164 1129 1272 1198 im·
1297 1122 1328 1192 ¹·
1353 1131 1415 1184 asi·
1438 1125 1585 1207 1,carp.,
1607 1137 1636 1190 11
1653 1129 1735 1192 Mai·

99 1238 211 1297 catum
222 1231 367 1311 quodest
381 1249 423 1294 ex
437 1229 597 1310 passione,
612 1228 705 1291 debet
715 1228 776 1289 dicr
791 1245 833 1292 ex
845 1227 894 1290 in·
985 1203 1091 1273 ‘W‘
1129 1240 1137 1270 ι
1152 1206 1213 1258 m·
1228 1198 1256 1272 ¹³
1274 1199 1315 1261 “d
1325 1199 1388 1283 19·)

100 1309 265 1374 firmitate,
987 1304 1034 1365 nd
1067 1312 1219 1384 quartum
1248 1311 1293 1372 sic
1322 1313 1517 1390 proceditur.
1548 1317 1578 1379 1.
1603 1317 1738 1381 Videtur
1840 1365 1847 1373 .

140 1389 332 1484 Respondeo
351 1371 517 1451 dicendum
544 1385 630 1466 qudd
653 1401 752 1448 causa
771 1385 893 1463 peccati
945 1382 1030 1460 qudd
1053 1401 1146 1448 amor
1172 1386 1223 1448 sul
1254 1406 1318 1449 non
1344 1391 1384 1452 sit
1409 1393 1603 1473 principium
1631 1397 1734 1458 omnis

100 1484 237 1546 propria
254 1473 303 1530 est
324 1486 365 1530 ex
386 1470 476 1546 parte
495 1466 628 1536 anima,
644 1464 676 1524 in
691 1462 757 1542 qud
772 1465 891 1556 prinei-
946 1463 1077 1538 peccati.
1102 1463 1136 1526 ld
1155 1467 1242 1527 enirn
1256 1467 1341 1547 quod
1362 1477 1411 1532 est
1432 1472 1606 1535 secundum
1626 1491 1661 1536 se
1680 1477 1736 1537 ho·
1759 1493 1761 1498 ’

99 1547 220 1625 pallter
232 1552 279 1609 est
291 1550 468 1625 peccatum.
485 1547 591 1606 Potest
605 1548 710 1604 autem
723 1542 785 1604 dier
801 1542 894 1604 inlin-
945 1556 1023 1600 num
1037 1548 1068 1602 et
1083 1542 1245 1620 debitum,
1260 1563 1324 1606 non
1338 1553 1386 1609 est
1397 1551 1527 1628 propria
1546 1569 1644 1616 eausa
1663 1571 1736 1632 pee-

99 1625 198 1686 mitas
214 1625 246 1686 in
264 1621 373 1686 animd
388 1623 428 1688 ad
442 1621 681 1685 similitudinem
698 1619 891 1683 infirmitatis
944 1619 1019 1680 eati.
1040 1620 1099 1681 Sed
1120 1638 1212 1684 amor
1229 1624 1280 1686 sui
1296 1630 1344 1686 est
1367 1627 1542 1691 secunddm
1563 1647 1598 1692 se
1612 1633 1733 1694 honum

98 1698 892 1860 llttllt”lltlttltlllittttllllnlttl
944 1697 1666 1863 titillanti.stultnsltili*
1681 1710 1735 1850 ii

270 1826 278 1854 i
631 1823 639 1850 1
1639 1833 1647 1848 ι
1724 1834 1732 1850 ο

97 1859 132 1920 in
158 1861 352 1922 executione
380 1858 518 1938 propriae
542 1855 737 1936 operationis
761 1860 891 1934 propior
943 1853 1027 1933 Ergo
1040 1871 1131 1920 amor
1146 1857 1197 1920 sul
1213 1876 1277 1922 uon
1291 1866 1396 1941 potest
1409 1882 1479 1927 esse
1491 1830 1621 1946 prhpria
1635 1883 1734 1930 causa

97 1938 246 2016 aliquam
272 1937 540 2000 inordinationem
563 1935 701 2014 partium
726 1936 889 2010 rororis,
942 1935 1075 2010 peccati.

97 2016 288 2080 itascilicet
329 2015 391 2078 udd
408 2017 559 2076 humores
575 2017 606 2074 et
622 2014 764 2076 membra
782 1953 890 2076 homi·
981 2010 1012 2070 2.
1035 2013 1202 2088 Preietos,
1224 2016 1395 2095 Apostolus
1416 2020 1501 2094 dieii,
1522 2022 1613 2084 ltom.
1635 2023 1731 2097 l,8:

97 2095 148 2156 uis
165 2035 422 2156 nonsuhiantur
435 2092 545 2156 virtuti
568 2091 752 2184 regiliensi
765 2091 890 2185 motiva
944 2086 1108 2153 Occasione
1132 2099 1256 2173 occepta
1280 2107 1441 2176 peccatam
1469 2118 1527 2180 per
1555 2101 1733 2164 mandatnm

95 2174 264 2252 corporis;
282 2171 367 2242 unde
381 2177 412 2234 et
430 2173 607 2234 membrum
620 2171 734 2232 drcrtur
752 2187 823 2231 esse
838 2187 892 2230 ru·
943 2177 1103 2260 operatum
1137 2181 1181 2232 est
1211 2174 1244 2236 in
1277 2195 1323 2235 me
1360 2195 1477 2238 omnem
1510 2181 1735 2260 concupiscen-

95 2250 229 2313 drmum
242 2296 250 2325 ,
265 2249 394 2332 quando
407 2267 471 2312 non
487 2253 589 2328 potest
602 2247 754 2328 perticere
773 2266 891 2327 opera-
943 2255 1041 2315 team:
1065 2249 1119 2310 uhi
1149 2251 1262 2314 Glossa
1284 2253 1376 2327 ord,
1402 2273 1441 2316 ex
1466 2257 1521 2317 lih.
1546 2258 1585 2319 de
1614 2259 1733 2335 Spiritu

94 2331 221 2392 tionem
244 2330 376 2392 membri
401 2329 484 2404 sani,
509 2328 735 2400 sicutoculus,
758 2327 889 2405 quando
942 2328 973 2385 et
992 2327 1079 2401 Litt,
1100 2345 1170 2406 cap.
1186 2327 1216 2401 i,
1233 2330 1404 2409 dicitquod
1425 2334 1506 2395 dana
1524 2343 1568 2396 est
1589 2334 1653 2408 lese,
1686 2357 1734 2398 aa

94 2425 163 2470 non
181 2413 287 2487 potest
300 2407 385 2472 olard
398 2408 521 2482 videre,
534 2411 571 2469 ut
589 2407 664 2468 dicit
677 2405 888 2485 Philosophus
942 2403 1015 2464 adm
1033 2409 1313 2486 concupiscentiam
1327 2411 1489 2490 prohihet,
1514 2431 1602 2475 omne
1621 2355 1734 2476 maium

94 2489 129 2548 in
151 2487 195 2548 10
210 2487 249 2550 de
272 2487 419 2548 Historiis
443 2486 642 2558 animalium,
658 2501 728 2562 cap.
753 2485 782 2556 1,
805 2483 890 2548 eirca
937 2481 1105 2560 prohihet:
1137 2487 1223 2563 quod
1255 2487 1370 2550 dicitur
1392 2494 1523 2570 propter
1546 2493 1630 2566 hoc,
1655 2494 1732 2570 quia

94 2567 204 2646 princ.
235 2565 324 2628 Unde
356 2569 388 2627 et
413 2565 580 2627 infirmitas
605 2565 720 2626 animae
750 2561 888 2634 dicitur,
942 2562 1202 2640 concupiscentia
1224 2571 1271 2626 est
1292 2584 1392 2630 causa
1405 2570 1508 2632 omnis
1523 2571 1655 2650 peccati.
1673 2572 1733 2632 Sed

94 2644 232 2722 quando
256 2643 427 2724 impeditur
449 2644 557 2705 anima
576 2643 609 2703 in
632 2640 763 2720 propria
778 2657 891 2719 opera·
942 2641 1200 2719 concupiscentia
1217 2649 1265 2704 est
1283 2645 1347 2706 alia
1364 2647 1471 2726 passio
1487 2650 1527 2711 ah
1545 2665 1677 2722 amore,
1696 2656 1733 2712 ut

45 2749 51 2766 ·
93 2724 189 2784 tione
200 2730 331 2803 propter
344 2721 611 2784 inordinationem
623 2721 762 2798 partium
776 2719 888 2798 ipsius.
942 2733 1043 2798 supra
1060 2719 1204 2782 habiturn
1226 2727 1286 2794 ost,
1301 2741 1356 2800 qu.
1373 2723 1403 2798 3,
1424 2732 1485 2788 art.
1503 2727 1535 2800 1,
1555 2731 1587 2790 et
1604 2746 1660 2805 qu.
1679 2727 1730 2801 23,

94 2803 188 2863 Sicut
214 2807 322 2864 autem
345 2805 453 2879 partes
480 2799 622 2878 corporis
646 2798 796 2860 dicuntur
820 2816 890 2861 esse
942 2795 1048 2858 arti.
1067 2799 1152 2880 Ergo
1175 2815 1267 2862 amor
1288 2801 1339 2864 sul
1361 2819 1427 2866 non
1444 2808 1492 2867 est
1506 2822 1604 2868 causa
1624 2807 1730 2868 omnis

93 2881 306 2952 inordinatae,
322 2879 450 2958 quando
467 2895 532 2941 non
552 2879 732 2954 sequuntur
747 2877 890 2938 ordinem
942 2877 1076 2954 peccati.

94 2965 247 3032 nature,
270 2959 314 3020 ita
336 2964 368 3020 et
390 2961 497 3038 partes
519 2955 634 3019 animae
650 2957 799 3016 dicuntur
820 2973 891 3018 esse
981 2953 1012 3014 3.
1026 2957 1508 3040 Praeterea‚hugustinussuper
1522 2963 1598 3023 illud
1613 2963 1731 3024 Psalm.

94 3037 307 3112 inordinate),
335 3040 463 3116 quando
492 3053 555 3096 non
582 3035 763 3095 subduntur
787 3034 890 3095 ordini
941 3030 1001 3106 79,
1028 3033 1162 3095 Incensa
1184 3035 1273 3114 iqui,
1300 3046 1329 3098 ei
1362 3041 1514 3121 suffossa,
1545 3041 1731 3120 dicitquod

93 3117 254 3188 rationis3
272 3116 353 3178 ratio
370 3117 455 3178 enim
470 3119 518 3177 est
533 3113 579 3178 vis
597 3113 733 3194 regitino
751 3113 891 3192 partium
943 3129 1030 3172 omne
1040 3121 1201 3191 peccatam
1212 3118 1501 3180 estonamorcmati
1512 3119 1730 3200 inflammante,

97 3197 230 3256 animm.
942 3189 990 3251 oei
1005 3209 1043 3250 eac
1056 3191 1165 3252 timore
1176 3193 1253 3255 ιιια11
1264 3193 1457 3257 humiliante.
1471 3199 1540 3260 Non
1555 3216 1632 3280 ergo
1644 3201 1732 3261 solus

82 3331 86 3338 ,
134 3273 191 3335 Sic
205 3289 282 3353 erqo
295 3271 423 3366 quando
434 3275 526 3334 extra
540 3270 685 3332 ordinem
697 3268 831 3332 rationis
842 3268 889 3332 nis
943 3283 1034 3330 amor
1046 3271 1096 3330 sul
1114 3275 1162 3331 est
1173 3287 1271 3334 causa
1284 3275 1414 3352 peccati.

95 3351 358 3430 concupiscibilis
378 3348 613 3414 autirnscibilis
624 3346 732 3426 aliqud
741 3347 891 3428 passione
982 3345 1014 3407 i.
1032 3348 1200 3420 Preterea‚
1217 3352 1524 3434 sicuthomopeceat
1538 3355 1732 3434 quandoque

94 3431 251 3503 allicitur,
262 3435 293 3490 et
304 3447 362 3508 per
377 3429 438 3490 hoc
451 3429 709 3508 impedimentum
722 3431 892 3504 praestatur
943 3430 1075 3516 propter
1095 3428 1311 3490 inordinatum
1332 3431 1381 3492 sul
1403 3449 1544 3494 amorem
1556 3477 1564 3506 ,
1578 3435 1620 3496 ita
1636 3435 1732 3498 etiam

95 3509 198 3572 modo
210 3507 359 3586 praedicto
373 3509 486 3570 debitae
503 3505 619 3568 actioni
637 3505 787 3576 hominis,
808 3505 892 3568 diei·
944 3502 1103 3567 interdism
1125 3511 1235 3584 peccat
1257 3515 1388 3588 propter
1403 3511 1620 3573 inordinatum
1640 3529 1732 3575 amo-

95 3596 152 3650 tur
183 3590 348 3666 peccatum
371 3605 441 3648 esse
465 3604 507 3648 ex
530 3585 722 3646 infirmitate.
748 3582 836 3646 Unde
860 3588 892 3646 et
943 3599 1012 3642 rem
1026 3585 1176 3661 proximi.
1192 3585 1277 3666 Ergo
1293 3603 1385 3650 amor
1403 3589 1454 3652 sul
1478 3607 1543 3651 non
1564 3594 1613 3654 est
1634 3607 1732 3654 causa

94 3665 314 3744 Philosophus
331 3666 364 3726 in
379 3667 398 3726 7
412 3665 528 3738 Ethie.,
544 3681 613 3743 cap.
627 3663 658 3737 8,
674 3664 760 3726 eirea
775 3661 890 3740 princ„
944 3663 1047 3724 omnis
1060 3663 1193 3741 peccati.
1623 3689 1627 3696 ·

96 3747 270 3823 comparat
299 3744 547 3806 incontinentem
580 3741 770 3822 epileptico,
799 3741 890 3819 cujus
983 3739 1041 3802 Sed
1055 3746 1167 3804 contra
1178 3745 1227 3803 est
1242 3743 1327 3821 quod
1345 3745 1543 3826 Augustinus
1559 3745 1633 3809 dicit
1647 3745 1732 3810 lide

95 3830 212 3917 partes
239 3825 409 3885 moventur
433 3822 467 3883 in
493 3821 689 3884 contrarium
714 3817 783 3898 ejus
806 3819 891 3898 quod
945 3815 1013 3878 Cir.
1027 3818 1097 3894 Dei,
1114 3837 1151 3882 ca
1176 3819 1252 3894 18,
1269 3820 1302 3882 in
1316 3822 1432 3900 princ,
1450 3827 1482 3883 et
1495 3825 1528 3884 in
1548 3826 1630 3887 l‘sal.
1645 3824 1732 3898 dha

97 3920 173 3982 rpse
186 3901 336 3982 disponit.
967 3897 1059 3972 rinc,
1082 3915 1128 3976 qu
1189 3917 1277 3960 emor
1296 3901 1347 3961 cai
1360 3919 1454 3981 usqne
1473 3902 1514 3962 ad
1528 3912 1733 3983 contemptam

136 3979 191 4044 nd
236 3981 353 4042 nimum
378 3997 454 4060 ergo
484 3977 650 4040 dicendum
672 3974 778 4054 quod,
810 3975 892 4038 sicut
977 3974 1004 4035 ei
1017 3975 1095 4055 socii
1112 3976 1270 4038 civitatem
1282 3977 1467 4059 Babylonis.
1483 3980 1541 4042 Sed
1556 3999 1614 4062 per
1628 3983 1733 4060 quod-

97 3999 235 4197 qugumi'
242 4058 337 4197 luerqt
350 4056 617 4197 motqqqutioqin
628 4060 892 4194 qogpqsqqrqqqqqer
943 4053 1021 4192 iffi
1034 4057 1374 4195 lqrqqscatqqmopertinet
1394 4059 1495 4198 hiemot
1511 4060 1551 4121 ad
1573 4060 1732 4154 civitatem
1749 4061 1754 4070 “

97 4157 148 4284 qna
164 4150 893 4304 hanihhthalulhrri't’moilusihsrtihhlpassinnisprahz
943 4151 1076 4290 pecchti.
1120 4176 1127 4193 ⁸
1177 4152 1214 4214 fg
1256 4151 1348 4198 amor
1370 4153 1409 4200 su
1446 4155 1479 4199 es
1516 4155 1730 4246 amomum

95 4299 151 4358 ter
169 4295 313 4358 ordinem
335 4293 488 4367 rationis,
506 4291 594 4354 tauto
615 4297 664 4354 est
679 4305 782 4370 major
795 4289 892 4351 milr-
982 4289 1170 4368 Respondeo
1186 4291 1352 4354 dicendum
1367 4294 1464 4374 quod,
1480 4295 1562 4359 sicut
1576 4313 1674 4376 supra
1684 4296 1731 4358 di-

97 4374 199 4435 mitas
213 4373 338 4435 animae.
944 4371 1030 4430 etum
1042 4374 1102 4441 est,
1117 4375 1229 4446 quaest.
1245 4371 1297 4444 75,
1313 4377 1374 4434 art.
1390 4377 1419 4448 1,
1434 4376 1564 4454 propria
1581 4382 1613 4438 et
1629 4393 1684 4454 per
1697 4394 1731 4436 sa

138 4451 191 4512 Ad
217 4450 391 4516 seeundum
422 4449 589 4512 dicendum
615 4446 701 4528 quod
727 4449 891 4526 peccatum
944 4463 1043 4508 causa
1055 4447 1176 4525 peccati
1187 4449 1371 4527 accipienda
1382 4456 1430 4513 ost
1442 4461 1584 4531 exparte
1599 4471 1731 4515 conver·

96 4525 323 4610 pr'incipaliter
338 4527 482 4590 consistit
499 4527 531 4587 in
546 4531 618 4588 actu
635 4527 819 4600 voluntatis,
835 4527 890 4604 qui
943 4524 1042 4586 sionis
1056 4525 1095 4587 ad
1110 4529 1334 4589 commutabile
1356 4531 1496 4601 honum;
1514 4549 1554 4592 en
1573 4530 1638 4610 qud
1655 4533 1731 4609 qui·-

98 4626 168 4670 non
185 4605 574 4686 impediturpercorporis
588 4604 820 4678 infirmitatem
835 4622 891 4682 po·
943 4601 1014 4662 dem
1040 4609 1129 4682 parte
1150 4607 1252 4666 omnis
1275 4611 1365 4667 aetus
1387 4609 1505 4685 peceati
1526 4609 1666 4686 procedit
1689 4628 1730 4672 ex

97 4691 165 4751 test
176 4685 260 4751 enim
274 4687 329 4764 qui
345 4689 393 4747 est
405 4701 537 4762 corpore
551 4683 696 4743 infirmus
711 4699 801 4762 prom
827 4687 890 4742 tam
944 4679 1053 4757 aliquo
1068 4681 1250 4743 inordinato
1263 4685 1405 4761 appetitu
1421 4685 1556 4764 alicujus
1572 4691 1730 4766 tempora-

99 4765 224 4833 habere
250 4765 446 4830 voluntatem
474 4762 512 4824 ad
541 4760 661 4837 aliquid
690 4759 790 4822 iacien
814 4777 888 4832 unu
942 4757 982 4820 lis
1000 4761 1087 4820 honi.
1108 4760 1198 4836 Qudd
1212 4765 1318 4822 autem
1334 4763 1450 4840 aliquis
1465 4769 1592 4842 appetat
1612 4765 1730 4827 inordi-

99 4841 276 4919 impeditur
289 4848 396 4908 autom
412 4841 670 4918 perpessionem,
685 4842 829 4917 utsupra
844 4837 891 4898 di·
943 4835 1017 4898 nate
1040 4837 1170 4917 aliquod
1190 4840 1364 4917 temporale
1384 4843 1515 4914 honum,
1527 4841 1673 4921 'procedit
1688 4864 1730 4908 ex

98 4927 189 4981 ctum
204 4924 262 4992 cst,
278 4924 339 4981 art.
356 4919 371 4979 1
388 4919 482 4998 hujus
498 4922 609 5000 quaest.
625 4917 712 4978 Unde
727 4915 799 4978 edm
813 4916 890 4978 dici·
942 4913 1004 4976 hoc
1030 4915 1115 4996 qudd
1140 4915 1318 4980 inordinate
1346 4925 1433 4982 amat
1458 4937 1492 4981 se
1517 4920 1643 5001 ipsum;
1668 4924 1730 4985 hoc

98 5003 155 5067 tur
179 5004 345 5076 peceatum
366 5015 436 5059 esse
458 5015 497 5057 cx
517 4995 713 5068 infirmitate,
728 5011 776 5054 ma
803 4994 828 5055 is
842 5001 890 5054 est
943 4995 1029 5055 enim
1050 5000 1098 5056 est
1123 5012 1241 5057 amare.
1256 4996 1410 5074 aliquem,
1440 4998 1520 5060 velle
1546 5000 1727 5063 sibonum.

97 5076 304 5156 referendum
319 5075 359 5138 ad
374 5075 588 5136 infirmitatem
606 5074 721 5135 anime
737 5013 834 5162 quhrn
849 5070 889 5133 ad
942 5072 1030 5134 Unde
1044 5073 1247 5135 manilestum
1262 5073 1409 5152 estquod
1422 5076 1621 5142 inordinatus
1637 5097 1729 5142 amor

98 5154 318 5216 infirmitatem
342 5152 496 5234 corporis.
518 5153 640 5214 Dicitur
660 5157 768 5213 tamen
792 5155 888 5211 etlam
941 5151 992 5213 sul
1010 5155 1059 5213 est
1071 5169 1170 5216 eausa
1183 5152 1286 5214 omnis
1300 5155 1432 5230 merati.

98 5237 171 5314 ipsa
193 5234 359 5296 infirmitas
383 5235 498 5294 animae
517 5231 683 5293 infirmitas
706 5229 832 5300 carnis,
855 5229 889 5292 iu
982 5231 1028 5290 nd
1047 5233 1183 5308 primum
1198 5247 1274 5310 ergo
1286 5233 1454 5295 dicendum
1468 5234 1553 5313 qudd
1570 5252 1662 5298 amor
1678 5235 1729 5300 sul

99 5318 261 5392 quantum
295 5331 335 5374 ex
371 5311 551 5375 conditione
582 5309 687 5372 carnis
722 5307 889 5447 qassiones
943 5308 1729 5386 ordinatusestdebitusetaaturalis‚itascilicet

99 5393 218 5460 animae
243 5390 414 5470 insurgunt
436 5391 468 5449 in
490 5389 598 5461 nobis,
621 5387 659 5449 ed
680 5405 725 5465 qu
747 5384 766 5444 d
786 5401 892 5465 appo-
942 5385 1027 5464 qudd
1050 5388 1125 5450 velit
1147 5387 1206 5448 sihi
1231 5390 1351 5449 honum
1371 5391 1457 5470 quod
1481 5392 1649 5471 congruit3
1674 5392 1729 5453 sed

100 5469 180 5530 titus
202 5470 373 5531 sensitirus
392 5472 439 5530 est
455 5469 556 5531 virtus
568 5472 661 5529 utens
676 5481 798 5546 organo
813 5480 891 5526 cor·
942 5481 1034 5527 amor
1056 5465 1105 5527 sul
1131 5465 1330 5528 inordinatus
1356 5470 1412 5546 qui
1435 5471 1578 5550 perducit
1595 5471 1634 5532 ad
1653 5487 1730 5531 con·

101 5547 219 5626 parali.
942 5548 1095 5622 temptum
1107 5545 1174 5618 liei,
1188 5546 1318 5622 ponitur
1337 5565 1406 5608 esse
1421 5565 1519 5611 eausa
1530 5549 1663 5625 pcccati,
1675 5564 1730 5610 se-

143 5625 190 5686 hd
218 5625 347 5687 tertium
371 5625 538 5686 dicendum
562 5623 647 5702 qudd
673 5623 706 5685 in
734 5624 891 5702 potestate
942 5617 1081 5684 cundiam
1096 5625 1243 5704 August,
1258 5623 1319 5686 loc.
1335 5627 1388 5687 cit.
1403 5626 1435 5686 in
1447 5645 1515 5707 arg.
1529 5627 1591 5690 Sed
1604 5635 1688 5688 cont.

101 5703 232 5779 quidem
254 5704 428 5766 voluntatis
446 5709 493 5768 est
517 5705 663 5764 assentiri
689 5704 738 5764 vel
756 5717 820 5762 non
835 5715 892 5761 as·
982 5701 1039 5793 nd·
1059 5701 1233 5763 seeundum
1261 5703 1428 5766 dicendum
1460 5705 1546 5798 qudd
1571 5722 1671 5770 conen
1696 5707 1730 5766 l.-

104 5781 215 5853 sentlri
245 5781 293 5844 his
318 5781 348 5846 in
375 5795 446 5864 quaa
469 5783 574 5864 passio
600 5783 746 5855 inclinat,
775 5785 805 5841 ct
831 5795 889 5860 pro
942 5785 1059 5842 scantin
1077 5779 1140 5864 qui
1154 5781 1269 5861 aliquis
1284 5785 1403 5860 appetit
1420 5784 1479 5848 sihi
1493 5723 1719 5868 honum‚re‹iq
