4006 6344
300 311 359 367 aas

303 428 389 508 qubvl
401 429 442 488 sit
455 425 634 499 rationalis,
644 424 721 504 quia
734 423 799 505 jam
815 443 880 486 non
891 428 975 488 esset
989 443 1092 506 capax

304 509 437 588 peccati.
455 507 543 568 Unde
564 522 628 566 non
642 509 690 565 est
704 505 855 582 possibile
872 505 957 584 qubd
972 506 1094 584 praedi-

303 595 388 649 ctum
404 590 528 648 naturae
540 586 660 645 bonum
677 584 817 645 totaliter
830 584 973 646 tollatur.

342 663 421 728 Cirm
437 669 543 726 autem
560 663 746 725 inveniatur
767 662 950 742 hujusmodi
973 665 1092 724 bonurn

302 742 453 806 continue
470 741 605 802 diminui
622 759 679 818 per
696 747 874 820 peccatum,
898 743 1027 819 quidam
1053 743 1092 803 ad

300 823 398 901 liujus
408 821 697 884 manifestationem
705 819 1095 899 usisuntquodamexem·

302 904 367 980 plo,
381 903 413 962 in
429 917 494 980 quo
509 901 672 961 invenitur
686 899 815 977 aliquod
832 897 957 960 finitum
972 900 1003 958 in
1018 899 1094 960 inir-

301 981 404 1042 nitum
417 979 564 1050 diminui,
574 984 681 1040 tamen
690 975 858 1055 nunquam
869 979 1011 1040 totaliter
1021 991 1093 1039 con·-

302 1059 399 1120 sumi.
422 1059 505 1118 llicit
520 1057 606 1118 enim
627 1057 839 1135 Philosophus
858 1057 891 1116 in
915 1057 929 1116 1
954 1057 996 1118 Ph
1021 1057 1090 1127 sic,

302 1144 381 1198 text.
393 1137 443 1208 37,
458 1135 542 1216 qubd
558 1137 584 1196 si
596 1138 637 1198 ab
648 1135 756 1212 aliqud
768 1135 986 1215 magnitudine
1000 1077 1092 1197 lutra

301 1215 454 1278 contin'nb
476 1215 643 1277 auleratur
662 1213 782 1293 aliquid
803 1213 979 1276 secunddm
1006 1232 1093 1276 eam-

302 1295 374 1357 dem
389 1296 612 1373 quantitatem,
628 1293 767 1354 totaliter
781 1294 907 1354 tandem
923 1310 1093 1355 consume-

302 1379 366 1447 tur,
387 1371 466 1452 putd
488 1375 514 1434 si
535 1371 555 1435 d
577 1370 782 1452 qudcumque
801 1372 981 1466 quantitate
994 1371 1092 1465 ,finita

301 1449 1092 1622 attavisilita{titlttht‘ehtllaitttd

302 1605 851 1682 nem,etn0nsecundi1meamdem
866 1613 1089 1687 quantitatem,

301 1689 418 1766 poterit
432 1691 464 1750 in
479 1688 639 1749 inlinitum
654 1687 812 1760 subtrahi,
829 1685 906 1766 puta
920 1689 944 1748 si
958 1691 1092 1766 quanti-

295 1775 350 1830 -tas
374 1767 535 1829 dividatur
556 1767 591 1828 iu
614 1766 694 1828 duas
715 1769 839 1844 partes,
865 1771 897 1827 et
918 1764 938 1829 al
961 1767 1091 1828 dimidio

301 1846 512 1909 subtrahatur
530 1845 712 1920 dimidium,
727 1845 771 1908 ita
785 1845 902 1925 poterit
920 1846 954 1905 in
977 1846 1092 1907 infini-

293 1932 368 1986 tum
391 1925 520 2004 procedi
539 1925 609 1986 :ita
625 1927 733 1985 tamen
752 1923 837 2002 qudd
860 1941 985 2003 semper
1004 1925 1090 2003 quod

301 2001 461 2100 posterius
490 2003 707 2076 subtrahitur,
726 2005 788 2064 crit
811 2003 917 2064 minus
940 2021 979 2064 eo
1003 2003 1089 2082 quod

293 2082 694 2239 ‚pnsqqqqqqlqquqqqrsqqo
707 2176 772 2220 non
784 2159 880 2220 habet
890 2159 1008 2221 locum.
1020 2161 1089 2223 Non

294 2241 387 2300 enim
405 2257 543 2319 sequens
557 2244 723 2318 peccatum
741 2235 845 2298 minius
858 2237 1007 2300 diminuit
1026 2243 1090 2301 bo-

299 2335 380 2411 num
395 2324 519 2412 natura
532 2317 632 2412 quam
649 2317 844 2398 procedens,
858 2315 913 2379 sed
928 2316 1009 2380 torte
1022 2335 1091 2381 ma-

299 2402 640 2538 glsilis'idsvlallgarlilveldlse⁰st
657 2473 825 2536 dicendum
840 2472 926 2552 qubd
938 2473 1091 2554 praedicta

295 2555 467 2618 inclinatio
492 2554 682 2632 intelligitur
708 2555 743 2614 ut
763 2553 867 2614 media
890 2554 1087 2616 interduo:

297 2633 454 2696 tundatur
466 2635 563 2704 enim,
580 2633 661 2694 sicut
677 2633 710 2692 in
726 2631 844 2706 radice,
860 2632 893 2694 in
908 2631 1024 2694 natura
1038 2650 1091 2696 ra-

297 2713 425 2785 tionali,
439 2715 471 2774 et
487 2711 587 2773 tendit
607 2711 639 2772 in
657 2711 777 2772 bonum
796 2711 935 2782 virtutis,
951 2713 1034 2773 sicut
1057 2714 1090 2773 in

297 2791 475 2852 terminum
498 2794 529 2852 et
551 2789 658 2850 finem.
680 2788 856 2868 Dupliciter
872 2789 971 2870 igitur
984 2796 1091 2869 potest

298 2869 436 2949 intelligi
451 2867 520 3008 equs
544 2867 732 2930 diminutio:
749 2884 815 2928 uno
834 2869 927 2929 modo
946 2873 1091 2948 exparte

299 2948 435 3021 radicis3
453 2948 517 3011 aio
532 2946 628 3009 modo
645 2964 687 3007 ex
711 2949 801 3024 parte
823 2947 962 3007 termini.
983 2949 1090 3009 Primo

300 3025 429 3104 quidem
442 3027 536 3088 modo
559 3043 622 3086 non
637 3025 827 3086 diminuitur
842 3042 899 3102 per
912 3031 1089 3104 peccatum,

302 3105 340 3166 eb
350 3105 434 3183 qubd
445 3109 610 3184 peceatum
624 3121 690 3165 non
702 3103 849 3165 diminuit
871 3103 975 3182 ipsam
989 3110 1091 3168 natu-

301 3201 389 3256 ram,
401 3187 438 3244 ut
452 3200 550 3262 supra
572 3183 764 3256 dictumest,
780 3187 841 3243 art.
857 3201 951 3262 praec.
967 3184 1026 3245 Sed
1040 3184 1092 3244 di-

301 3263 458 3324 minuitur
469 3261 609 3324 secundo
630 3261 736 3334 modo,
753 3260 956 3338 inquantum
970 3263 1091 3324 scilieet

301 3339 433 3418 ponitur
449 3339 707 3419 impedimentum
717 3339 916 3419 pertingendi
932 3340 970 3402 ad
982 3341 1090 3404 termi-

302 3436 391 3478 num.
413 3417 444 3480 Si
466 3423 574 3480 autem
602 3417 705 3496 primo
729 3417 823 3478 modo
844 3417 1088 3495 diminueretur,

301 3500 464 3574 oporteret
483 3495 569 3576 qudd
589 3495 785 3574 quandoque
807 3496 946 3558 totaliter
969 3515 1090 3558 consu-

300 3571 1087 3654 meretur,naturtlrationalitotaliterconsumpta.

300 3653 359 3714 Sed
377 3655 455 3733 quia
477 3653 665 3715 diminuitur
682 3671 724 3714 ex
744 3659 834 3732 parte
860 3653 1087 3731 impedimenti,

300 3732 386 3810 quod
411 3733 584 3812 apponitur
598 3749 638 3793 ne
684 3733 822 3811 ertingat
840 3731 880 3793 ad
903 3734 1087 3806 terminum,

300 3811 506 3874 manifestum
520 3815 569 3874 est
585 3751 683 3889 quod
685 3809 818 3871 diminui
840 3810 970 3888 quidem
985 3818 1089 3890 potest

300 3889 334 3949 in
349 3889 520 3964 intinitum,
533 3890 611 3968 quia
626 3889 659 3951 in
672 3889 831 3950 inlinitum
842 3893 978 3966 possunt
990 3891 1088 3969 impe·

300 3968 440 4030 dimenta
450 3969 581 4048 opponi,
592 3967 767 4030 secundum
782 3967 867 4047 qubd
876 3969 972 4028 homo
985 3973 1089 4047 potest

300 4047 333 4106 in
356 4047 516 4108 inlinitum
539 4046 653 4109 addere
673 4051 837 4124 peccatum
861 4051 1005 4124 peccalo;
1022 4066 1086 4110 nou

299 4129 407 4186 tamen
426 4129 530 4202 potest
543 4125 683 4186 totaliter
697 4125 854 4197 consumi,
871 4126 948 4205 quia
963 4143 1089 4205 semper

300 4205 409 4264 manet
428 4203 522 4264 radix
543 4202 615 4264 talis
638 4203 874 4274 inclinationis;
901 4205 983 4265 sicut
1002 4210 1087 4283 patet

298 4277 337 4339 de
355 4279 515 4359 diaphano
532 4297 679 4358 corpore,
694 4281 779 4360 quod
792 4281 920 4358 quidem
931 4282 1027 4346 habet
1038 4284 1088 4344 in-

298 4357 503 4422 clinationcm
513 4359 553 4422 ad
561 4359 795 4437 susceptionem
805 4359 885 4420 lucis
895 4361 1007 4422 exhoc
1017 4362 1086 4440 ipso

297 4436 383 4514 quod
397 4442 444 4500 est
458 4438 672 4517 diaphanum;
695 4437 885 4498 diminuitur
898 4443 1004 4500 autem
1020 4440 1088 4502 haec

297 4516 474 4589 inclinatio,
491 4517 543 4580 vel
565 4517 715 4580 habilitas
736 4519 881 4594 exparte
896 4518 1087 4580 nebularum

296 4595 604 4674 supervenientium,
616 4593 689 4659 crim
698 4599 805 4659 tumen
819 4613 945 4674 semper
958 4601 1087 4660 maneat

296 4674 329 4734 in
344 4673 451 4738 radico
465 4681 598 4737 naturae.

338 4753 383 4812 hd
398 4755 538 4831 primum
556 4769 633 4833 ergo
655 4751 824 4818 dicendum
847 4751 932 4834 quod
949 4752 1086 4832 objectio

297 4829 352 4891 illa
364 4832 507 4909 procedit
518 4831 648 4910 quando
663 4831 697 4892 nt
708 4831 877 4891 diminutio
890 4849 948 4909 per
957 4834 1086 4896 subtra-

297 4907 450 4980 ctionem;
465 4909 517 4970 blc
531 4915 637 4971 autern
651 4911 686 4974 fit
701 4910 870 4970 diminutio
881 4927 938 4987 per
948 4911 1086 4988 apposi-

296 4985 416 5047 tionem
432 4987 666 5065 impedimenti3
682 4987 767 5066 quod
783 5005 888 5066 neque
905 4989 1004 5060 tollit,
1022 5007 1087 5050 ne-

297 5080 361 5140 que
374 5064 521 5126 diminuit
534 5067 671 5130 radicem
682 5066 910 5140 inclinationis,
922 5067 1085 5128 utdictum

296 5142 390 5202 estin
405 5159 461 5204 cor
484 5187 492 5202 .

337 5219 382 5281 Ad
397 5164 747 5284 secd'ndumdiccndum
784 5219 1085 5294 ubdinclinatioua·

296 5299 411 5362 turalis
423 5305 470 5360 cst
486 5299 613 5378 quidem
628 5305 692 5362 tota
707 5241 893 5372 unilormis,
910 5299 964 5362 sed
977 5305 1084 5363 tamen

297 5375 396 5440 habet
409 5382 587 5456 respectum
600 5383 630 5442 et
644 5377 683 5438 ad
709 5378 902 5456 principium
917 5381 950 5440 et
962 5379 1001 5440 ad
1017 5383 1086 5440 tor-

296 5456 420 5517 minum
435 5475 442 5514 :
457 5454 630 5517 secunddm
645 5473 742 5535 quam
762 5457 979 5520 diversitatem
1000 5475 1086 5535 quo-

297 5533 465 5596 dammodo
487 5533 691 5607 diminuitur,
712 5538 743 5598 et
763 5533 996 5614 quodammodo
1019 5553 1084 5600 non

296 5611 496 5674 diminuitur.

339 5690 387 5750 Ad
414 5687 549 5754 tertium
565 5688 733 5752 dicendum
753 5688 953 5768 quodetiam
974 5689 1007 5752 in
1021 5690 1085 5756 da*

298 5769 415 5829 mnatis
444 5771 551 5837 manet
578 5769 733 5834 naturalis
746 5768 911 5832 inclinatio
926 5768 964 5830 ad
980 5774 1086 5832 virtu-

777 309 906 369 stillum
926 311 1153 370 'lllEOLOGlCAE
1172 313 1276 371 Plillld
1296 313 1476 378 SECUNDAE

1887 327 1933 385 ota

1146 430 1221 500 te'm3
1237 427 1383 506 alioquin
1393 447 1457 492 non
1473 433 1556 493 esset
1572 430 1604 490 in
1616 431 1662 492 eis
1679 449 1846 497 renrorsus
1861 455 1932 500 eon·

1151 505 1302 568 scientiae.
1316 507 1375 569 Sed
1392 509 1477 586 qubd
1494 527 1558 570 non
1578 510 1752 572 reducatur
1771 513 1803 574 in
1820 523 1932 588 aetum,

1149 586 1933 677 contingitquiadeestgratiasecunddmdivinam

1143 665 1319 740 justitiam3
1335 665 1417 726 sicut
1429 667 1524 728 etiam
1543 667 1576 728 in
1591 684 1674 729 caeco
1685 677 1835 732 remanet
1851 677 1933 751 apti-
1992 699 1993 768 q

1147 741 1223 803 tudo
1242 743 1281 804 ad
1300 743 1468 805 videndum
1489 746 1522 806 in
1543 744 1615 823 ipsa
1631 747 1738 808 radice
1757 755 1884 814 nature
1904 753 1932 815 in

1146 824 1302 897 quantum
1321 827 1369 884 est
1389 824 1509 886 animal
1529 825 1720 886 naturaliter
1738 827 1865 890 habens
1884 833 1933 892 ri-

1146 915 1234 970 sum;
1251 899 1306 960 sed
1321 917 1385 962 non
1398 902 1563 964 reducitur
1575 903 1609 962 in
1624 908 1741 978 actum,
1756 907 1838 983 quia
1853 908 1933 972 deest
1992 901 1993 990 l

1146 993 1246 1040 eausa
1263 996 1334 1056 quae
1351 981 1505 1043 reducere
1518 981 1631 1062 possit,
1650 982 1822 1046 formando
1842 1003 1933 1068 orga-
1992 991 1993 1076 l

1146 1072 1243 1130 num;
1257 1057 1342 1134 quod
1357 1059 1533 1138 requiritur
1547 1060 1588 1121 ad
1600 1060 1784 1123 videndum.
1992 1079 1993 1092 ¹

1145 1136 1326 1196 Aurrcuuus
1342 1153 1390 1197 nr.
1406 1137 1566 1200 -Utrdm
1579 1141 1803 1203 conuenienter
1814 1159 1932 1222 ponan-
1992 1127 1993 1196 l

1186 1221 1240 1275 tur
1255 1215 1388 1276 volnera
1405 1224 1527 1278 stature
1539 1235 1579 1277 em
1594 1227 1724 1298 peccato
1746 1238 1933 1303 consequen·
1992 1199 1993 1276 l

1185 1292 1242 1360 tio,
1254 1293 1435 1374 infirmitas,
1451 1296 1648 1376 iquorcintio,
1666 1297 1803 1370 molitio,
1817 1309 1848 1360 ot
1867 1321 1932 1363 coe
1992 1287 1993 1368 l

1186 1372 1390 1452 cupiscentio.
1402 1409 1440 1418 —-
1452 1374 1461 1454 (
1473 1377 1553 1456 inp,
1567 1384 1629 1436 ort.
1643 1375 1674 1448 5,
1694 1395 1799 1456 corp„
1815 1388 1845 1439 ct
1856 1381 1931 1441 Mul.
1992 1371 1993 1394 ¹

1183 1458 1291 1590 quest.
1301 1451 1332 1526 2,
1342 1453 1441 1526 orm,
1454 1472 1555 1534 corp..
1565 1457 1635 1546 fin„
1648 1463 1677 1515 et
1687 1455 1760 1518 Gal.
1772 1457 1804 1530 3,
1814 1458 1930 1538 tecm.)

1211 1529 1369 1591 dtertium
1382 1532 1428 1594 sic
1446 1534 1638 1610 proceditur.
1652 1535 1680 1594 1.
1697 1535 1835 1597 Videtur
1855 1539 1933 1615 quod
1992 1537 1993 1594 l

1144 1606 1408 1671 inconvenienter
1424 1617 1586 1689 ponantur
1600 1613 1736 1674 vulnera
1748 1619 1877 1676 naturae
1887 1636 1930 1676 es·
1992 1597 1993 1682 l

1143 1703 1179 1748 se
1195 1705 1237 1749 ex
1250 1695 1380 1765 peccato
1395 1691 1638 1768 consequentia,
1654 1693 1778 1754 scilicet
1797 1694 1932 1774 infirmt-

1144 1772 1210 1834 tas,
1236 1767 1435 1845 ipocrcntio⁸
1460 1769 1638 1846 molitio-et
1664 1773 1927 1850 conccupiscentic.

1143 1844 1213 1905 lton
1228 1845 1313 1906 enim
1328 1847 1410 1908 idem
1422 1847 1608 1909 estetiectus
1619 1853 1651 1910 et
1663 1865 1764 1912 causa
1778 1851 1927 1930 ejusdem.

1143 1923 1204 1984 Sed
1218 1924 1272 1984 illa
1292 1931 1456 2002 ponuntur
1476 1942 1575 1988 causa
1598 1932 1819 2005 peccatorum,
1843 1936 1930 1992 uter

1143 2003 1344 2079 supradictis
1364 2009 1461 2082 patet,
1480 2021 1536 2081 qu.
1558 2005 1609 2076 76,
1625 2011 1686 2068 art.
1711 2007 1740 2078 t,
1764 2015 1797 2069 et
1814 2027 1870 2085 qu.
1884 2012 1930 2078 77,

1143 2085 1203 2141 art.
1219 2081 1239 2140 3
1253 2085 1285 2142 et
1301 2080 1331 2153 5,
1353 2086 1384 2142 et
1396 2101 1454 2160 qu.
1474 2083 1526 2143 78.
1540 2083 1626 2164 Ergo
1643 2101 1709 2146 nou
1725 2085 1847 2148 debent
1862 2089 1930 2166 poni

1143 2158 1226 2220 inter
1238 2159 1368 2222 effectus
1381 2161 1514 2240 peccati.

1180 2239 1212 2297 2.
1236 2239 1407 2314 Praeterea,
1428 2238 1551 2302 molitio
1569 2241 1758 2303 nominatur
1776 2245 1933 2321 quoddam

1141 2321 1319 2455 l⁰⁰⁰³{!¹¹¹i·
1329 2319 1399 2379 Non
1413 2335 1491 2399 ergo
1503 2318 1595 2398 debet
1609 2321 1686 2398 poni
1703 2321 1790 2383 inter
1807 2321 1933 2388 effectus

1165 2411 1238 2456 ecca
1254 2415 1275 2457 ι.
1481 2427 1486 2433 ·

1142 2413 1211 2534 pb.
1234 2475 1407 2548 Praeterea,
1433 2473 1689 2555 concupiscentie
1709 2483 1761 2539 est
1784 2478 1933 2557 quiddam

1142 2553 1301 2624 naturale,
1319 2549 1392 2614 cum
1404 2552 1445 2614 sit
1458 2557 1548 2616 actus
1561 2553 1686 2616 virtutis
1701 2559 1935 2635 concupiscibi-

1142 2630 1194 2692 lis.
1208 2631 1266 2692 Sed
1290 2631 1369 2692 illud
1392 2632 1479 2709 quod
1499 2636 1548 2694 est
1569 2634 1737 2708 naturale,
1756 2651 1826 2696 non
1847 2636 1935 2698 debet

1142 2711 1218 2788 poni
1230 2710 1348 2794 vulnus
1360 2715 1494 2773 naturoe.
1504 2711 1590 2790 Ergo
1603 2713 1864 2792 concupiscentie
1874 2733 1935 2776 uon

1141 2788 1235 2849 debet
1249 2789 1326 2867 poni
1341 2790 1460 2850 vulnus
1476 2793 1610 2852 naturae.

1181 2865 1211 2926 lo.
1233 2868 1400 2940 Praeterea,
1410 2868 1528 2929 dictum
1543 2873 1592 2930 est
1606 2886 1662 2946 qu.
1672 2869 1724 2943 77,
1734 2874 1798 2932 art.
1811 2870 1843 2944 3,
1854 2872 1934 2950 qudd

1142 2944 1225 3006 idem
1240 2950 1288 3006 est
1300 2962 1431 3024 peccare
1442 2965 1484 3008 ex
1496 2946 1694 3021 infirmitate,
1709 2953 1799 3010 etex
1814 2954 1935 3028 passio·

1142 3041 1194 3086 ne.
1215 3023 1274 3085 Sed
1300 3025 1554 3103 concupiscentie
1573 3025 1684 3104 passio
1710 3029 1863 3105 quaedam
1880 3037 1934 3092 est.

1141 3103 1227 3240 Erqo
1240 3120 1305 3164 non
1319 3102 1412 3164 dehet
1423 3107 1536 3165 eontra
1550 3105 1769 3166 infirmitatem
1783 3106 1898 3168 dividi.

1203 3225 1212 3240 .
1233 3183 1460 3253 Praeterea,hu
1484 3183 1611 3244 ustinus
1621 3184 1654 3243 in
1665 3184 1748 3244 libro
1763 3184 1804 3246 de
1816 3187 1936 3251 Natura

1142 3259 1306 3332 otdruda,
1320 3277 1391 3338 cap.
1401 3261 1452 3334 ti'i,
1463 3199 1487 3324 Ξ
1498 3261 1594 3335 med„
1607 3264 1640 3325 et
1651 3263 1736 3323 libro
1752 3263 1768 3322 1
1786 3265 1934 3336 Retract,

1142 3356 1212 3416 cap.
1224 3339 1254 3414 9,
1265 3337 1286 3402 d
1299 3340 1393 3411 med,
1407 3339 1571 3416 ponitduo
1583 3341 1721 3418 poenalia
1735 3343 1856 3404 animae
1867 3361 1933 3421 pec·

1143 3417 1240 3491 canti,
1253 3417 1372 3478 scilieet
1381 3417 1594 3495 ipnerontiom
1607 3426 1635 3479 ct
1643 3417 1865 3500 difficultatem
1875 3442 1885 3488 ,·
1897 3440 1934 3482 ex

1141 3497 1258 3574 quibus
1270 3496 1373 3557 oritur
1382 3512 1472 3557 error
1485 3503 1514 3556 et
1528 3496 1688 3559 cruciatos
1698 3517 1709 3566 ,·
1719 3515 1796 3575 quae
1806 3501 1933 3576 quidem

1141 3577 1281 3652 quatuor
1296 3591 1362 3635 non
1379 3574 1576 3636 concordant
1598 3575 1667 3637 istis
1683 3581 1840 3655 quatuor.
1853 3579 1935 3657 Ergo

1143 3652 1268 3713 videtur
1290 3652 1377 3732 qubd
1403 3654 1540 3715 alterum
1568 3671 1681 3717 eorum
1704 3655 1935 3719 insufficienter
1992 3647 1993 3724 l

1140 3737 1290 3809 ponatur.

1178 3806 1216 3869 ln
1233 3809 1430 3872 contrarium
1448 3813 1557 3873 autem
1576 3815 1626 3873 est
1647 3813 1828 3876 auctoritas
1845 3811 1933 3874 uene

1141 3885 1218 3968 (quo
1230 3888 1313 3961 loco,
1328 3905 1391 3948 non
1402 3889 1565 3968 occurrit).

1178 3967 1366 4046 Respondeo
1390 3966 1558 4030 dicendum
1585 3967 1672 4046 quod
1694 3986 1755 4046 per
1776 3969 1935 4048 justitiam

1139 4045 1330 4126 originalem
1347 4045 1485 4124 periente
1501 4046 1584 4108 ratio
1601 4047 1788 4108 continebat
1802 4048 1935 4109 interio-

1139 4141 1190 4184 res
1206 4125 1320 4186 animae
1333 4125 1433 4198 vires3
1448 4129 1479 4186 et
1492 4125 1560 4204 ipsa
1572 4126 1655 4187 ratio
1669 4124 1691 4188 d
1704 4127 1772 4186 Deo
1787 4126 1933 4204 perficie-

1140 4203 1235 4263 batur
1246 4204 1275 4264 ei
1289 4203 1443 4281 subjecta.
1459 4203 1534 4266 Haec
1543 4207 1651 4266 autem
1662 4204 1833 4282 originalis
1841 4205 1934 4285 justi·

1140 4281 1184 4342 tia
1202 4283 1366 4343 subtracta
1381 4287 1429 4343 est
1449 4301 1506 4360 per
1520 4287 1687 4360 peccatum
1707 4283 1804 4359 primi
1820 4300 1935 4361 paren·

1140 4359 1191 4430 tio,
1208 4359 1366 4440 sicutjam
1384 4361 1503 4422 dictum
1523 4365 1582 4432 est,
1604 4378 1661 4438 qu.
1682 4360 1735 4432 81,
1758 4366 1823 4423 art.
1841 4362 1871 4421 ἓ.
1894 4361 1933 4421 Et

1139 4437 1208 4499 ideb
1225 4455 1336 4500 omnes
1351 4441 1435 4501 vires
1460 4441 1575 4501 animae
1589 4443 1759 4501 remanent
1771 4441 1933 4518 quodam·

1138 4516 1232 4578 modb
1246 4517 1403 4579 destitute
1423 4517 1555 4596 proprio
1572 4517 1696 4587 ordine,
1710 4535 1779 4596 quo
1796 4523 1934 4580 natura-
1992 4589 1993 4600 ἶ

1138 4593 1210 4657 liter
1222 4595 1458 4658 ordinanturad
1468 4595 1757 4675 virtutem3etipsa
1768 4597 1934 4659 destitutio
1992 4621 1993 4656 l

1137 4673 1315 4736 vulneratio
1329 4682 1450 4735 nature
1464 4675 1592 4736 dicitur.
1667 4715 1669 4723 ι

1177 4752 1258 4813 Sunt
1278 4758 1385 4814 autem
1402 4758 1542 4832 quatuor
1553 4753 1706 4846 potentiae
1727 4755 1934 4831 animaequae

1137 4834 1274 4908 possunt
1288 4849 1358 4892 esse
1370 4831 1514 4894 sub'ecta
1531 4838 1697 4902 virtutum,
1712 4836 1750 4892 ut
1767 4849 1867 4911 supra
1882 4833 1934 4891 di-
1992 4887 1993 4890 ,

1138 4915 1223 4970 ctum
1246 4911 1305 5001 est,
1332 4927 1387 4987 qu.
1409 4851 1460 4982 ll,
1482 4911 1602 5003 scilicet
1622 4910 1718 5000 ratio,
1740 4910 1780 5002 iq
1796 4909 1935 5004 qud-est
1992 4941 1993 4948 κ

1137 4987 1934 5147 talitaliattitulat,tilloit-tata

1137 5145 1170 5204 in
1183 5143 1303 5223 quaest
1311 5147 1532 5223 temperantia.
1544 5147 1579 5206 ln
1590 5149 1749 5221 quantum
1761 5147 1936 5228 erqoratio

1137 5222 1321 5283 destituitur
1337 5241 1396 5283 suo
1412 5223 1523 5285 ordine
1543 5223 1582 5285 ad
1597 5240 1724 5294 verum,
1748 5231 1799 5287 est
1815 5223 1934 5286 erctum

1136 5301 1343 5380 tpnoramter
1360 5302 1393 5362 in
1410 5308 1568 5379 quantum
1577 5302 1654 5363 verb
1667 5303 1819 5365 voluntas
1833 5302 1934 5362 desti-
1992 5359 1993 5362 ,

1136 5379 1240 5440 tuitur
1252 5379 1364 5442 ordine
1379 5379 1417 5442 ad
1434 5383 1565 5447 bonum.
1585 5385 1634 5441 est
1652 5380 1769 5442 vulnus
1784 5381 1934 5446 molitio:
1992 5433 1993 5444 v

1137 5458 1346 5596 indquantqrm
1363 5457 1445 5596 dvero
1471 5459 1640 5598 irasqibilils
1657 5459 1841 5597 destituitnq
1866 5473 1933 5596 {uo
1992 5483 1993 5540 t

1137 5553 1248 5598 orme
1347 5553 1462 5598 ruurn
1506 5555 1540 5599 es
1578 5554 1936 5604 oonmsnrrmauc

1137 5541 1937 5756 tarra{tdtrrarisncritttatdaasts

1858 5737 1868 5766 ,
1992 5743 1993 5748 ,

1137 5769 1252 5832 eniens
1273 5773 1530 5840 concuspiscentia
